2165 3792
427 234 570 297 'DE
632 240 696 296 P.
756 235 1271 295 VIRGJLJO.
1538 241 1660 309 251·

59 368 318 433 scribitur
340 414 358 443 ,
394 385 455 428 ut
487 372 703 430 dicetur
745 366 906 424 infra.
952 366 1188 426 Servius·
1219 366 1278 424 in
1315 365 1510 447 Eclog.
1541 372 1612 428 III
1636 381 1660 438 ‚⁴

65 485 157 523 20.
192 484 310 521 rem
337 463 609 542 nusquam
643 460 840 518 lefitam
878 459 1091 517 incerta
1116 457 1237 521 fide
1274 481 1306 516 a
1330 459 1662 537 quibusdam

59 554 205 612 tradi
229 568 445 627 narrat,
470 552 626 632 quod
649 553 832 608 Varus
866 548 1151 630 (Donato
1182 550 1241 606 in
1274 551 1394 607 vita
1430 551 1661 630 Virgilii

65 650 124 702 V
118 640 307 722 arius)
334 641 732 720 tragoediarum
762 638 1002 717 scriptor
1019 685 1036 712 ,
1074 639 1406 718 tragoediam
1439 639 1466 719 (
1489 644 1664 717 Thye-

46 735 163 818 sten
199 734 345 791 idem
385 733 649 791 Donatus
686 728 973 808 appellat)
1014 750 1121 808 pro
1163 729 1256 788 sua
1294 729 1663 802 recitaverit,

64 843 231 900 quam
259 841 407 879 uxor
438 821 598 880 Varii
646 818 1006 877 literatiffima
1039 818 1242 876 marito
1273 862 1290 889 ‚
1331 831 1597 897 tanquam
1632 839 1666 876 a

63 912 118 970 se
151 912 409 989 scriptam
454 912 701 987 dederit,
735 911 978 984 scilicet,
1017 932 1147 970 cum
1182 932 1214 968 a
1243 909 1488 989 Virgilio
1512 908 1666 967 illam

64 1005 372 1085 accepiffet.

187 1211 248 1265 V
239 1220 496 1263 IRGILII
535 1210 698 1264 Culex
719 1247 739 1277 ‚
779 1206 913 1261 Ciris
935 1247 955 1274 ,
989 1199 1042 1259 Θ
1060 1206 1174 1259 alia
1208 1203 1463 1265 Catalefz‘a
1487 1206 1547 1261 in

580 1330 882 1404 Appendice
914 1327 1150 1402 Virgilii.

151 1528 415 1588 Refertur
453 1515 720 1610 praeterea
745 1532 814 1590 ad
842 1531 1140 1611 Virgilium
1167 1531 1349 1591 veluti
1383 1534 1671 1592 austorem

74 1625 236 1680 Culex
254 1666 269 1694 ,
295 1643 325 1679 a
356 1623 602 1680 Martiali
637 1623 863 1702 quidem
889 1626 1027 1683 XIV
1049 1668 1066 1695 ,
1111 1624 1234 1703 185.
1264 1626 1325 1684 δέ
1351 1626 1524 1683 Statio
1551 1628 1673 1684 Ge-

70 1712 243 1770 nethl.
271 1713 480 1772 Lucani
503 1714 641 1773 Silv.
677 1717 723 1772 Π
742 1761 759 1788 ,
784 1737 820 1791 7
846 1760 862 1788 ‚
892 1736 986 1792 74.
1029 1715 1128 1774 ubi
1160 1737 1218 1774 v.
1247 1717 1429 1774 Barth.
1457 1715 1674 1775 dicatus

70 1802 321 1862 O&avio
351 1805 601 1885 Augusto
636 1809 772 1884 Imp.
810 1807 1017 1863 Poema
1052 1805 1349 1863 heroicum
1374 1805 1675 1864 venustum

71 1892 460 1970 &jucundum
484 1942 500 1970 ‚
529 1897 686 1976 quod
710 1896 895 1954 senem
914 1895 1219 1975 Virgilium
1243 1894 1420 1954 lufiffe
1444 1896 1677 1974 putabat

73 1984 180 2043 Jos.
211 1985 486 2065 Scaliger3
529 1987 624 2045 etfi
653 1987 916 2066 Papinius
942 2032 958 2060 ,
983 1987 1042 2044 in
1066 1986 1313 2064 Epistola
1336 1988 1405 2044 ad
1424 1987 1679 2058 Stellam,

76 2072 444 2133 adolescentis
493 2075 680 2153 potius
729 2075 1054 2153 proludium
1103 2073 1258 2131 fuiffe
1307 2074 1494 2131 innuit
1522 2119 1540 2146 ,
1587 2073 1679 2132 cui

75 2164 361 2224 sententiae
384 2166 535 2226 favet
559 2169 722 2227 etiam
747 2167 1022 2226 Martialis
1044 2169 1204 2239 VIII,
1234 2167 1320 2238 56.
1343 2165 1533 2223 Exstat
1558 2163 1678 2224 Dis-

77 2257 303 2318 sertatio
344 2259 551 2319 Critica
584 2263 646 2321 &
683 2282 907 2319 carmen
949 2258 1478 2339 hendecasyllabum
1499 2303 1520 2330 ,
1546 2258 1678 2337 qui-

78 2350 182 2410 bus
225 2356 386 2410 Culex
408 2351 650 2431 Virgilio
682 2351 1028 2430 abjudicatur
1045 2397 1066 2423 ,
1091 2350 1466 2430 tribuiturque
1493 2363 1682 2427 poetae

78 2440 246 2500 alicui
287 2443 546 2500 Vandalo
587 2444 681 2501 vel
719 2442 860 2501 Afro
890 2489 907 2516 ‚
948 2444 1137 2523 quales
1178 2442 1276 2502 sub
1320 2462 1448 2521 rege
1489 2441 1681 2498 Trafi-

78 2534 292 2592 mundo
315 2532 588 2611 ingeniosi
617 2533 721 2591 effe
750 2532 989 2592 voluere
1014 2534 1239 2613 quidam
1269 2533 1329 2590 in
1353 2531 1683 2610 Virgilianis

82 2625 442 2683 emendandis
490 2625 1002 2706 interpolandisque
1033 2671 1049 2699 9
1079 2641 1231 2704 parte
1274 2645 1325 2682 2.
1366 2624 1535 2681 Tom.
1576 2625 1684 2680 VII

28 2715 33 2719 ’
82 2715 328 2795 sylloges
352 2716 586 2774 Gallicae
612 2761 626 2785 ‚
668 2718 760 2775 cui
784 2719 976 2777 titulus
1001 2742 1013 2776 ε
1042 2713 1411 2776 Continuatiotz
1447 2721 1533 2772 des
1558 2716 1683 2772 Μέ-

85 2811 268 2865 moires
302 2812 361 2864 de
394 2808 644 2865 lite'ramre
673 2806 726 2867 δ’
762 2810 1014 2893 d’lzzstoire
1031 2853 1050 2882 ‚
1077 2806 1245 2865 Paris,
1283 2826 1428 2885 1729
1449 2848 1469 2878 ,
1513 2824 1599 2862 12.
1624 2824 1683 2881 p.

89 2896 360 2978 295.sqq.
395 2918 526 2976 312.

174 3085 308 3141 Ciris
345 3103 572 3163 quoque
594 3128 612 3158 ,
638 3082 764 3145 Val.
802 3060 1042 3142 Meffalae
1065 3077 1329 3158 inscripta
1351 3120 1369 3150 ‚
1406 3083 1543 3150 κεῑρις
1568 3070 1683 3131 five
