2165 3792
422 217 539 298 376
714 217 895 274 NOT.
937 218 1080 274 LIT.
1116 216 1239 272 DE
1282 217 1368 273 M.
1411 218 1787 277 MANILIO.

422 353 664 430 aliquem
692 371 762 408 ex
787 350 914 409 Afia
947 349 1303 429 peregrinum
1322 395 1339 423 ‚
1370 348 1525 428 cujus
1550 371 1762 410 nomen
1795 352 1925 411 effet
1950 353 2044 411 ina

421 448 675 505 certum,
715 431 810 489 etfi
843 432 956 491 hoc
992 447 1209 490 certum
1252 431 1415 504 effet,
1454 452 1584 490 eum
1620 432 1882 514 Augustei
1922 434 2039 494 aevi

419 513 595 573 fuiffe.
685 512 949 581 Huetius,
978 511 1492 592 Carthaginiensem
1544 514 1735 588 fuiffe,
1772 515 2036 592 putabat,

420 593 614 652 nescio
649 594 850 674 quibus
890 594 1261 674 argumenti3‚
1289 609 1352 653 ut
1382 595 1617 655 traditur
1656 596 1716 654 in
1745 596 2038 656 Memoriis

421 675 686 734 Trevolt.
709 696 755 733 a.
788 691 954 754 1709.
980 697 1034 752 p.
1081 676 1248 747 1426.

505 758 672 834 Opus
702 771 884 814 autem
919 754 1035 832 ejus
1073 775 1194 817 non
1227 756 1504 837 integrum
1542 757 1824 837 superstes,
1863 757 2038 817 Scali-

421 858 522 917 ger
557 837 784 917 quidem
809 838 878 894 ad
900 839 961 893 L.
993 838 1065 894 V.
1104 857 1159 914 p.
1193 837 1324 913 348.
1359 853 1552 909 notat,
1575 839 1790 915 periifl'e
1826 839 2036 899 librum

418 919 724 977 secundum
772 917 998 996 sphaerae
1041 917 1381 992 barbaricae,
1411 922 1474 979 &
1504 918 1753 1000 suffragia
1777 921 2036 979 Planeta-

419 1021 581 1072 rum,
620 1000 734 1057 hoc
776 997 854 1057 est
876 1044 894 1071 ‚
922 998 1152 1056 Librum
1191 998 1403 1057 sextum
1438 1003 1501 1060 &
1538 999 1848 1078 septimum.
1892 1004 2037 1060 Sane

420 1082 491 1139 de
526 1080 729 1139 occasu
764 1080 1002 1138 siderum
1039 1083 1101 1140 δε
1139 1080 1488 1157 planetarum
1526 1081 1740 1140 viribus
1774 1082 1826 1139 se
1861 1083 2038 1141 diffii-

419 1182 550 1220 rum
581 1162 802 1242 aliquot
839 1160 983 1220 locis
1020 1161 1293 1239 promisit.
1338 1163 1647 1243 Ingenium·
1675 1179 1860 1241 poetae
1885 1209 1902 1235 ,
1933 1164 2037 1242 qui

419 1263 508 1301 res
551 1261 667 1301 tam
706 1258 901 1302 tenues
936 1256 1052 1300 tam
1092 1257 1218 1321 apte
1259 1265 1536 1302 exornare
1570 1245 1820 1323 potuerit
1858 1248 1920 1304 &
1962 1245 2036 1302 il-

418 1324 696 1383 luminare
715 1370 732 1398 9
757 1325 945 1383 laudat
982 1325 1186 1383 merito
1225 1325 1468 1405 Scaliger
1487 1371 1505 1397 ,
1530 1326 1695 1384 etiam
1722 1324 1838 1403 ejus
1862 1346 2045 1384 exor-

419 1405 511 1462 dia
540 1408 603 1465 &
633 1406 995 1486 digreffiones
1021 1428 1035 1466 ε
1072 1405 1211 1464 adde
1243 1405 1649 1486 descriptiones
1668 1452 1685 1479 ‚
1718 1421 1780 1464 ut
1812 1406 2035 1465 sunam-2

419 1486 539 1546 buli
582 1489 697 1548 &a
742 1488 946 1566 Estque
980 1488 1122 1546 adeo
1163 1503 1466 1567 propterea
1510 1491 1710 1569 dignus
1743 1488 1840 1566 q-ui
1881 1488 2035 1568 lega-

419 1584 552 1642 tur,
587 1569 685 1628 etsi
718 1569 778 1627 in
813 1570 979 1628 rebus
1011 1568 1428 1628 Astronomicis
1467 1591 1586 1628 non
1626 1569 1797 1648 magis
1831 1590 2036 1648 expers

421 1651 500 1709 est
518 1664 885 1729 peccatorum
902 1672 1069 1730 quam
1086 1652 1307 1711 Aratus.
1332 1652 1440 1709 Sed
1455 1655 1714 1709 Racim‘us
1729 1653 1788 1708 in
1804 1653 2034 1710 Comm.

420 1733 489 1790 de
514 1732 872 1810 poematibus
898 1732 1230 1813 dogmaticis
1247 1777 1265 1805 ‚
1288 1732 1347 1790 in
1371 1732 1508 1791 Hist.
1536 1733 1707 1791 Acad.
1730 1753 1844 1813 reg.
1871 1731 2038 1791 Paris.

420 1811 699 1891 Inscriptt.
734 1814 854 1873 vol.
889 1818 968 1871 VI
996 1836 1066 1872 ex
1105 1814 1339 1891 interpr.
1371 1815 1710 1872 Germanica
1740 1835 1794 1890 p.
1831 1832 1933 1892 135
1963 1814 2037 1872 de

421 1894 483 1955 vi
526 1893 750 1951 Manilii
787 1896 1014 1972 poetica
1049 1915 1246 1970 parum
1287 1892 1606 1951 honorifice
1644 1892 1843 1967 sentit,
1879 1915 2035 1951 eum-

421 1995 536 2055 que
583 1995 743 2053 paene
788 1976 987 2033 eximit
1027 1988 1323 2051 poetarum
1367 1994 1624 2033 numero,
1691 1976 1810 2031 Fati
1849 1974 2031 2032 astro-

320 2075 323 2084 *
420 2056 596 2136 logici
635 2055 985 2114 defensorem
1028 2053 1185 2111 fuisse
1207 2099 1229 2125 ,
1265 2051 1455 2110 multis
1496 2053 1637 2112 locis
1682 2068 1848 2131 patet.
1929 2055 2038 2112 Vi-

422 2140 497 2198 tia
534 2136 810 2196 orationis
830 2181 848 2209 ‚
875 2153 1112 2215 propter
1141 2155 1269 2213 quae
1302 2133 1547 2192 maxime
1582 2135 1879 2193 videbatur
1913 2136 2032 2193 Ge-

419 2219 610 2278 vartio
638 2220 701 2278 &
732 2217 851 2277 aliis
884 2215 1107 2276 serioris
1138 2216 1316 2277 aetatis
1350 2214 1456 2275 effe
1475 2261 1494 2288 ‚
1524 2215 1785 2297 pleraque
1823 2215 2033 2280 sublata

424 2300 553 2362 sunt
584 2300 709 2362 crisi
744 2298 1086 2378 Bentlejana.
