2165 3792
1678 229 1794 332 37·

242 438 325 520 P.
388 433 958 520 VIRGILII
1016 435 1658 524 MARONIS

150 675 244 785 C
324 676 429 785 A
507 675 607 784 T
698 677 803 786 A
893 677 977 782 L
1073 675 1162 784 E
1253 676 1347 786 C
1425 678 1525 786 T
1603 682 1744 792 A.

888 1159 926 1212 I.

713 1335 816 1394 'Ad
849 1341 1091 1397 Tuccam.

148 1449 308 1590 D
315 1545 433 1582 ELrA
451 1567 464 1589 ‚
489 1528 643 1582 Tucca
660 1567 673 1590 ‚
700 1524 782 1582 tibi
805 1525 960 1582 venit:
987 1527 1063 1583 sed
1086 1525 1211 1604 saepe
1229 1525 1393 1585 videre

224 1621 334 1676 Non
358 1618 494 1674 licet:
521 1617 751 1675 occulitur
777 1618 933 1675 limine
957 1618 1101 1676 clausa
1122 1617 1224 1676 viri.

140 1708 278 1767 Delia
303 1708 421 1788 saepe
449 1708 530 1766 tibi
551 1754 565 1775 ‚
589 1733 684 1767 non
708 1709 838 1768 venit
864 1710 1011 1769 adhuc
1034 1710 1144 1771 mihi
1170 1736 1181 1767 ε
1204 1732 1400 1790 namque

226 1800 270 1856 Si
297 1801 554 1867 occulitur,
579 1802 727 1880 longe
754 1802 816 1859 est
837 1848 851 1871 ‚
877 1822 1068 1881 tangere
1093 1802 1223 1881 quod
1247 1816 1469 1880 nequeas:

142 1892 337 1950 Venerit
360 1911 434 1949 aut
460 1892 539 1949 tibi
560 1937 573 1958 ,
594 1894 671 1950 sed
700 1895 788 1971 jam
813 1894 903 1970 jam
925 1894 1034 1951 mihi
1059 1894 1243 1952 nuntius
1269 1893 1346 1951 iste
1716 1914 1741 1977 ς

222 1983 352 2058 Quid
374 1984 589 2062 prodest?
614 1984 681 2041 illi
704 1985 848 2043 dicito
869 2030 883 2054 ‚
910 2009 1014 2066 quae
1039 1985 1187 2044 rediit.

861 2185 964 2246 Il.

408 2359 474 2410 [η
509 2356 567 2411 C.
603 2359 847 2412 Annium
883 2360 1143 2416 Cimbrum
1177 2360 1467 2418 Rhetorem.

152 2456 284 2602 C
301 2558 705 2595 ORINTHIORUM
725 2559 900 2595 amator
920 2537 999 2596 iste
1015 2539 1265 2598 verborum
1283 2556 1302 2610 ς

142 2630 226 2686 Iste
248 2629 325 2686 iste
343 2629 516 2687 rhetor.
546 2633 758 2708 Namque
783 2648 1004 2707 quatenus
1025 2649 1150 2688 totus
1297 2618 1301 2621 Δ

142 2719 440 2798 Thucydides
461 2741 677 2800 tyrannus
702 2720 864 2778 Atticae
885 2720 1023 2778 febris
1040 2767 1056 2790 ‚

142 2815 242 2868 Tau
267 2811 497 2870 Gallicum
521 2812 661 2892 spinae
686 2811 877 2892 ipsemet
899 2813 1016 2870 male
1045 2812 1203 2896 ’1Πίίὶτῆ

144 2902 224 2961 Ista
250 2903 403 2962 omnia
418 2948 433 2973 ,
457 2903 532 2964 ista
552 2906 692 2966 verba
712 2904 893 2964 miscuit
916 2904 1059 2966 fratri.
1719 2924 1754 2986 ’ς
