2165 3792
575 210 975 274 LIBER
1056 213 1202 267 IV.'

56 357 114 413 Et
137 371 252 412 nuuc
278 373 361 433 per
385 351 605 432 scopulos
625 394 639 416 ,
665 372 786 407 nunc
811 371 999 427 campos
1020 347 1187 405 labitur
1206 347 1384 418 amnis;

52 450 147 501 Aut
166 441 335 499 faciens
357 442 442 500 iter
457 485 471 508 .,
492 461 567 498 aut
590 461 801 518 quaerens
824 436 1025 495 curritve
1047 437 1244 494 reditve.

48 530 131 587 „Sic
156 529 290 588 etiam
317 529 427 588 coeli
453 547 604 609 partes
628 527 860 586 variantur
883 525 929 584 in
954 524 1092 584 astris.

57 621 124 676 Ut
146 617 324 698 {ignum
348 644 372 677 a
392 618 522 697 figno
541 661 556 684 ‚
578 615 637 674 sic
659 641 683 674 a
705 616 752 674 se
774 616 1002 695 discrepat
1030 615 1176 695 ipsum
1195 639 1212 684 ;

57 712 410 788 Momentoque
436 727 573 787 negat
593 707 710 765 vires
732 752 748 775 ‚
768 705 990 786 usumque
1017 706 1256 764 salubrem.

58 800 305 878 Quodque
331 823 413 880 per
437 800 514 857 has
541 799 717 879 geritur
737 820 920 880 patrm,
942 799 1036 858 sine
1058 799 1191 879 fruge
1217 819 1423 869 creatur3

59 897 153 949 Aut
182 891 331 957 cadit,
351 911 428 949 aut
452 891 606 949 multis
628 890 763 949 sentit
788 892 912 949 bona
933 892 1071 950 mixta
1097 892 1315 971 querelis,

60 984 145 1039 Hae
173 980 282 1039 mihi
308 981 542 1062 signandae
570 981 768 1062 proprio
794 981 895 1039 sunt
919 982 1115 1039 carmine
1139 1001 1306 1061 partes,

62 1075 155 1131 Sed
181 1074 281 1153 quis
303 1093 375 1133 tot
400 1096 618 1132 numeros
646 1072 821 1131 totiens
844 1073 925 1131 sub
948 1073 1056 1153 lege
1077 1073 1249 1131 referre
1266 1115 1285 1141 ‚

63 1167 161 1223 Tot
185 1186 336 1246 partes
357 1166 521 1224 iterare
549 1186 688 1245 queat
705 1210 720 1233 .,
746 1183 818 1223 tot
844 1165 1020 1223 discere
1043 1166 1234 1223 summas
1253 1209 1269 1234 ‚

64 1261 151 1316 Per
174 1258 318 1316 varias
341 1258 494 1316 causas
515 1257 679 1316 faciem
702 1279 878 1316 mutare
899 1257 1160 1338 loquendi?

66 1347 315 1406 Incidimus
338 1349 398 1407 fic
423 1350 592 1407 verba:
620 1351 781 1430 piget:
808 1350 886 1409 sed
911 1350 1054 1431 gratia
1075 1350 1256 1424 deerit,

67 1442 121 1495 In
145 1462 402 1518 vanumque
424 1440 558 1498 labor
584 1439 738 1505 cedit,
763 1463 900 1519 quem
927 1439 1124 1520 despicit
1144 1441 1278 1499 auris,

70 1529 161 1586 Sed
187 1529 296 1586 mihi
323 1553 407 1609 per
433 1553 614 1587 carmen
637 1529 789 1586 fatalia
808 1531 908 1607 jura
929 1528 1097 1587 ferenti
1116 1575 1132 1596 ,

72 1622 129 1677 Et
155 1620 306 1678 sacros
329 1620 437 1678 coeli
464 1640 617 1679 motus
635 1664 650 1686 ,
673 1621 728 1678 ad
752 1621 863 1698 jussa
882 1621 1171 1699 loquendum
1199 1623 1289 1680 est:

71 1719 174 1773 Nec
199 1714 414 1794 fingenda
437 1716 569 1772 datur
586 1759 601 1781 ‚
630 1734 803 1772 tantum
829 1713 1120 1772 monstranda
1143 1716 1306 1794 figura.

72 1806 332 1865 Ostendiffe
357 1811 507 1864 Deum
533 1805 664 1864 nimis
691 1805 782 1863 est:
809 1803 939 1861 dedit
959 1803 1056 1884 ipse
1079 1803 1259 1863 sibimet

73 1899 302 1957 Pondera.
326 1902 426 1956 Nec
447 1899 511 1956 fas
533 1899 594 1956 est
615 1898 768 1956 verbis
792 1898 1073 1978 suspendere
1095 1899 1348 1957 mundum:

75 1990 229 2047 Rebus
249 1989 371 2048 enim
394 1991 543 2067 major
560 2034 576 2056 ‚
599 2011 686 2048 nec
710 2013 848 2071 parva
872 1991 933 2048 est
954 1990 1096 2070 gratia
1118 1990 1257 2048 nostri

77 2080 213 2147 Oris,
242 2080 273 2138 fi
303 2081 480 2140 causam
506 2082 682 2161 poterit
705 2082 884 2162 signare
909 2083 1141 2140 canendo.

80 2171 252 2250 Accipe
270 2218 288 2246 ,
311 2173 578 2231 damuandae
600 2197 705 2252 quae
726 2174 810 2232 fint
832 2197 916 2254 per
936 2172 1078 2231 sidera
1103 2193 1272 2254 partes,

159 2265 371 2344 Lanigeri
399 2290 498 2346 pars
519 2287 676 2346 quarta
700 2289 843 2326 nocer
860 2315 875 2338 .,
900 2291 985 2325 nec
1009 2267 1130 2325 sexta
1149 2267 1353 2325 salubris

81 2356 286 2434 Septima
307 2380 386 2435 par
409 2357 476 2414 illi
495 2376 546 2415 ac
568 2359 744 2416 decima
769 2361 830 2418 est
849 2407 863 2429 ,
888 2360 1176 2438 decimaeque
1201 2360 1427 2426 secunda,⁴

76 2452 302 2528 Quaeque
329 2450 439 2506 duas
465 2449 670 2527 duplicat
689 2452 880 2508 summas
903 2451 1175 2529 septemque
1203 2473 1469 2530 novemque
1486 2494 1501 2518 ‚

82 2545 281 2620 Unaque
304 2542 469 2620 viginti
495 2541 694 2598 numeris
720 2565 820 2621 pars
840 2542 989 2600 addita
1014 2543 1170 2609 hedit,

85 2635 143 2690 Et
163 2632 320 2711 quinta
337 2677 351 2699 ‚
383 2632 432 2691 ὅς
451 2633 608 2690 duram
635 2633 954 2691 consummans
981 2632 1174 2713 septima
1198 2652 1390 2712 partem.

167 2723 306 2781 Tauri
335 2747 456 2782 nona
480 2726 595 2781 mala
619 2724 680 2780 est
700 2768 713 2790 ‚
736 2723 890 2781 similis
914 2746 1105 2803 quoque
1125 2723 1255 2781 tertia
1274 2746 1375 2801 pars
1397 2723 1459 2780 est

1514 225 1652 288 *¹57

1543 547 1656 605 4²5

1554 1001 1671 1054 430

1562 1461 1673 1516 435

1565 1924 1680 1970 440

1570 2381 1677 2435 445

89 2819 193 2877 Post
214 2817 437 2877 decimam
454 2861 468 2882 ‚
501 2841 588 2876 nec
615 2842 709 2876 non
735 2818 928 2875 decimae
951 2842 1050 2898 pars
1070 2817 1259 2897 septima
1281 2818 1432 2894 'juncia
1460 2818 1545 2875 est:
1575 2838 1690 2891 450

90 2910 258 2990 Bisque
278 2913 460 2969 undena
483 2935 655 2969 nocens
675 2956 688 2978 ,
714 2912 763 2969 ὅ(
783 2911 850 2968 bis
872 2912 1089 2969 duodena
1111 2930 1335 2969 nocentes
1355 2954 1369 2975 ,

93 3003 311 3080 Quaeque
332 3002 493 3058 decem
519 3002 700 3080 tresque
722 3002 1006 3081 ingeminat„
1032 3001 1301 3080 fraudatque
1326 3001 1506 3060 duobus

91 3091 302 3172 Triginta
325 3115 539 3152 numeros
557 3136 572 3161 ‚
594 3092 646 3151 &
667 3113 763 3152 tum
788 3091 1012 3152 tricesima
1032 3092 1216 3151 smnma²
