2165 3792
489 202 612 258 '122'
933 192 1681 259 MMANJLII

488 328 746 390 Ordinibus
767 328 1123 414 certisbsociaret
1145 356 1315 413 corpus
1337 333 1385 392 in
1407 357 1546 393 unum
1562 379 1580 403 ‚

489 430 708 499 Aeraque
735 421 787 480 ἃ
811 441 951 480 terras
973 423 1292 504 flammamque
1315 426 1576 506 undamque
1600 446 1832 487 natantem

485 512 655 567 Mutua
682 508 730 568 in
751 511 976 570 alternum
1002 514 1209 593 praebere
1232 513 1452 573 alimenta
1474 515 1692 594 j‘uberet3

487 604 556 658 Ut
576 620 649 660 tot
671 625 924 683 pugnantes
945 625 1134 685 regeret
1157 604 1410 664 concordia
1433 607 1584 665 causas
1601 652 1618 675 ,

489 693 736 771 Staretque
755 693 937 752 alterno
963 695 1184 775 religatus
1207 695 1389 753 foedere
1409 697 1606 755 mundus
1624 723 1642 765 ;

489 784 750 863 Exceptum
769 808 795 842 a
821 784 993 844 summa
1016 809 1073 844 ne
1092 786 1205 866 quid
1231 785 1415 845 ratione
1439 809 1646 847 maneret
1663 833 1681 857 ‚

489 875 553 932 Et
577 875 707 955 quod
731 894 826 933 erat
846 876 1038 944 mundi,
1065 878 1242 936 mundo
1267 897 1509 958 regeretur
1528 881 1583 938 ab
1606 879 1709 961 ipso
1732 905 1750 947 ·,

487 966 601 1022 Fata
625 988 816 1045 quoque
837 966 887 1025 ὅτ.
911 967 1026 1025 vitas
1052 968 1294 1026 hominum
1318 971 1552 1050 suspendit
1572 973 1628 1030 ab
1649 972 1800 1030 astris:

490 1060 618 1133 Quae
639 1058 832 1116 summas
859 1083 1056 1140 operum
1079 1082 1230 1141 partes
1249 1106 1266 1130 .,
1287 1084 1393 1141 quae
1413 1062 1530 1121 lucis
1553 1064 1782 1124 honorem
1800 1077 1819 1132 ‚‘

490 1153 618 1225 Quae
638 1151 801 1209 famam
820 1152 1100 1222 assererent,
1125 1175 1232 1232 quae
1260 1172 1494 1233 nunquam
1517 1155 1625 1213 seffa
1643 1155 1890 1214 volarent:

487 1246 618 1319 Quae
636 1289 652 1313 ‚
675 1245 797 1325 quast
824 1269 908 1325 per
928 1247 1126 1304 mediam
1147 1247 1302 1304 mundi
1328 1247 1583 1326 praecordia
1605 1267 1779 1327 partem

489 1334 725 1414 Dispofita
748 1336 1021 1406 obtineant,
1046 1338 1271 1397 Phoebum
1297 1341 1562 1417 Lunamque
1588 1338 1820 1419 vagasque

493 1428 726 1486 Evincant
743 1429 890 1488 stellas
906 1473 922 1498 ‚
942 1452 1032 1488 nec
1056 1452 1154 1489 non
1177 1429 1417 1488 vincantur
1440 1429 1490 1487 ἃ
1511 1429 1628 1510 ipsa.

493 1521 578 1579 His
599 1524 805 1604 regimen
830 1543 983 1583 natura
1007 1525 1166 1592 dedit,
1190 1525 1496 1606 propriasque
1521 1524 1710 1582 sacravit

492 1611 760 1691 Unicuique
785 1613 911 1672 vices
931 1659 946 1681 .‚
967 1615 1203 1696 sanxitque
1224 1639 1306 1696 per
1334 1615 1521 1683 omnia,
1548 1615 1769 1673 summam

490 1705 714 1784 Undique
737 1706 802 1764 uti
828 1707 906 1764 fati
932 1707 1049 1765 ratio
1075 1707 1329 1766 traheretur
1349 1708 1395 1765 in
1420 1731 1571 1765 unam.

492 1795 614 1852 Nam
636 1798 954 1877 quodcunque
974 1820 1119 1876 genus
1141 1820 1295 1855 rerum
1313 1842 1329 1865 .,
1354 1798 1670 1876 quodcunque
1693 1798 1939 1863 laborum,>

494 1890 713 1967 Quaeque
736 1912 878 1968 opera
899 1910 1034 1969 atque
1057 1908 1174 1947 artes
1189 1933 1205 1957 .,
1228 1888 1494 1968 quicunque
1516 1911 1600 1968 per
1623 1887 1779 1946 omnia
1802 1887 1928 1946 casus

495 1982 705 2038 Humana
724 1980 772 2038 in
795 1982 888 2039 vita
913 2001 1134 2061 poterant
1157 1980 1433 2061 contingere
1451 2024 1466 2047 ‚
1493 1980 1666 2038 sortem

495 2076 548 2130 In
572 2091 643 2129 tot
665 2072 910 2151 complexa
937 2072 1001 2129 est
1026 2092 1177 2152 partes
1199 2117 1215 2141 ‚
1241 2092 1360 2153 quot
1385 2072 1436 2130 ἃ
1460 2072 1568 2130 astra
1591 2090 1831 2130 vocarant.

495 2166 589 2220 Res
614 2163 800 2242 posuit,
828 2163 1067 2242 certasque
1091 2163 1218 2222 vices
1238 2190 1252 2230 ·,
1277 2165 1351 2222 sua
1374 2161 1524 2220 munia
1544 2161 1714 2241 cuique

495 2253 751 2321 Attribuit3
776 2273 1021 2334 totumque
1047 2255 1250 2313 hominis
1271 2278 1355 2334 per
1380 2254 1524 2311 sidera
1551 2253 1741 2311 censum*

495 2344 680 2403 Ordine
705 2345 784 2402 sub
809 2364 939 2403 certo
961 2345 1125 2414 duxit,
1152 2369 1254 2426 pars
1283 2347 1463 2425 semper
1484 2363 1534 2402 ut
1559 2344 1713 2402 eidem

497 2435 719 2493 Confinis
743 2435 859 2515 parti
883 2436 1048 2494 vicinis
1070 2438 1200 2495 staret
1225 2437 1271 2493 in
1292 2435 1427 2495 arvis,

498 2529 680 2585 Horum
707 2550 903 2607 operum
928 2529 1075 2587 sortes
1096 2530 1152 2586 ad
1175 2527 1350 2607 singula
1373 2527 1499 2608 figna
1522 2526 1734 2596 locavit,

497 2621 613 2675 Non
634 2619 748 2677 utin
767 2637 938 2677 aeterna
965 2618 1075 2676 coeli
1098 2618 1290 2677 statione
1312 2636 1589 2683 manerent,

498 2714 559 2768 Et
583 2710 776 2768 cumqos
794 2709 1031 2768 hominum
1055 2709 1226 2789 pariter
1249 2708 1537 2766 traherentur
1557 2707 1604 2764 in
1631 2725 1759 2764 ortus

500 2804 573 2858 Ex
595 2799 758 2858 iisdem
779 2798 974 2878 repetita
996 2798 1147 2867 locis;
1172 2799 1249 2856 sed
1274 2817 1490 2877 tempore
1513 2797 1642 2855 sedes

500 2893 778 2950 Nascentum
799 2890 1064 2971 acciperent
1087 2889 1299 2970 proprias
1316 2934 1331 2957 ‚
1353 2888 1584 2969 {ignisque
1606 2887 1895 2969 migrarent,

501 2988 658 3063 Atque
683 2984 780 3042 aliis
801 2983 895 3042 alio
922 2983 1019 3042 sors
1043 3006 1239 3063 quaeque
1264 2982 1492 3041 accideret
1516 2982 1631 3038 astro
1650 3024 1665 3048 ,

500 3079 568 3135 Ut
586 3095 771 3156 caperet
795 3075 1006 3157 genitura
1028 3097 1194 3137 novam
1218 3097 1302 3156 per
1325 3073 1468 3133 sidera
1489 3072 1714 3154 sqrmam,¹

2030 716 2099 777 55.

2026 1149 2109 1210 '60

2037 2092 2116 2142 7ο

2034 2985 2109 3038 80
