2165 3792
469 242 581 301 272
733 219 1179 279 NOTITIA
1220 218 1802 276 LITERARIA

464 353 694 409 Pediani
741 348 883 406 liber
925 345 1185 406 adversus
1218 344 1443 425 Virgilii
1489 343 1891 401 obtre&at0res
1931 340 2066 401 scri-
2110 322 2119 328 .

465 456 594 520 ptus
613 486 631 513 ,
658 461 902 520 quorum
923 459 1069 498 unus
1094 437 1380 497 Carvilius
1410 435 1597 493 Pielor
1623 433 1832 513 scripto
1866 433 1966 492 suo
1991 433 2068 491 ti-

467 533 649 591 tulum
684 529 998 610 praefixerat
1019 576 1037 603 ,
1061 532 1504 614 AEneidomastix.
1538 528 1632 585 De
1668 525 1843 583 Zoilis
1878 524 2070 604 Virgi-

465 621 529 680 lii
559 622 785 679 Servius
809 620 879 678 ad
905 619 1100 697 Eclog.
1123 621 1242 675 Vn.
1279 621 1443 675 Multi
1465 621 1650 674 volunt
1669 619 1727 671 in
1749 617 1847 671 lzac
1866 615 1919 670 E
1924 611 2072 690 cloga

469 712 559 796 effi}
590 719 928 792 allegoriam,
949 732 1010 768 ut
1035 713 1296 786 Daphnis
1314 710 1396 790 sic
1429 709 1592 784 Caesar
1612 752 1631 778 ,
1667 709 1909 782 Corydon
1944 712 2000 763 V
1996 711 2075 764 ir·-
2147 785 2150 787 Δ

468 812 653 886 gilius,
681 805 921 885 Thyrsts‚
944 806 1033 878 qui
1051 804 1297 870 vincitur,
1319 803 1533 875 Virgilii
1557 798 2075 874 obtrei'latorscilicet,

471 918 567 955 aut
599 894 804 954 Bavius
825 937 842 964 ‚
865 912 958 949 aut
989 888 1163 947 Anser
1187 934 1204 962 ,
1248 910 1344 946 auc
1361 889 1642 960 Maevius,
1672 890 1878 968 pffmi
1896 911 2078 965 poeta.

470 993 612 1048 Item
636 987 694 1044 in
719 988 930 1064 Georg.
955 986 996 1043 Ι.
1031 991 1074 1042 S
1078 1007 1174 1040 ane
1207 983 1524 1059 reprehenfiis
1557 987 1813 1060 Virgilius
1836 985 2026 1038 dicitur
2043 1004 2079 1038 a

471 1083 651 1137 Bavio
688 1075 741 1136 δ’
757 1080 953 1134 Maevio
978 1077 1075 1131 lzoc
1104 1074 1248 1150 verfic
1272 1095 1292 1129 .·
1320 1076 1533 1130 Hordea
1557 1077 1644 1149 qui
1668 1077 1812 1130 dixit
1830 1072 2083 1154 ,snper-est

474 1192 534 1230 ut
548 1173 721 1229 critica
741 1173 899 1226 dicat.
940 1169 1006 1224 In
1033 1164 1153 1224 vita
1181 1164 1408 1244 Virgilii
1433 1186 1465 1222 a
1489 1164 1581 1221 Ti.
1613 1164 1857 1222 Donato
1879 1162 2082 1242 scripta

475 1262 624 1320 inter
662 1257 778 1338 ejus
811 1258 1214 1317 obtrefiatores
1250 1257 1419 1314 etiam
1458 1254 1699 1313 refertur
1733 1257 2037 1330 Cornificius
2062 1297 2084 1328 ,

477 1351 611 1432 qui,
635 1364 697 1408 ut
718 1349 910 1407 Zoilus
934 1347 1204 1418 Homeri,
1227 1346 1287 1404 in
1305 1346 1680 1426 proverbium
1705 1343 1891 1405 abiiffe
1918 1345 2086 1405 vide.-

477 1456 587 1500 tur.
622 1442 815 1499 Petrus
844 1438 1105 1499 Blesenfis
1134 1437 1303 1517 Epist.
1343 1460 1438 1518 92.
1485 1443 1610 1497 Scio
1634 1483 1652 1512 ‚
1688 1438 1874 1519 inquit
1896 1484 1913 1511 ‚
1948 1442 2085 1496 unde

466 1538 719 1612 spiritum
745 1537 988 1591 elationis
1008 1536 1287 1608 conceperit
1307 1575 1323 1604 ‚
1355 1529 1410 1589 G*
1439 1556 1588 1609 quare
1608 1535 1759 1618 vester
1779 1535 1824 1590 C
1823 1534 2086 1606 ornzficius

480 1628 800 1703 intumescat.
843 1626 950 1684 Sed
987 1625 1243 1684 omnium
1273 1623 1808 1704 Virgiliomastigum
1837 1624 2087 1682 frontem

482 1719 656 1798 magis
686 1717 922 1775 ferream
942 1718 1144 1775 habere
1169 1716 1221 1775 se
1245 1719 1331 1777 J0.
1357 1721 1672 1776 Hardzcinus
1696 1715 1920 1775 testatus
1943 1713 2051 1772 fuit
2067 1761 2087 1788 ‚

484 1832 615 1870 cum
637 1807 850 1886 scripsit
865 1808 1157 1866 AEneidem
1175 1808 1244 1865 ab
1270 1808 1512 1866 inimicis
1537 1806 1798 1885 religioni
1820 1804 2088 1864 Christia-

483 1922 579 1960 nae.
599 1899 979 1959 nebulonibus
1010 1897 1351 1976 suppositam
1378 1897 1532 1956 fuiffe
1570 1919 1602 1955 a
1636 1898 1705 1956 C.
1738 1916 1904 1973 1232.
1941 1897 2090 1954 Vide·

482 1989 605 2070 ejus
642 1992 833 2069 Opera
865 2003 876 2027 ¹
911 1989 1070 2046 varia
1095 1987 1262 2045 Amst.
1306 2008 1470 2064 1733.
1496 1987 1597 2046 fol.
1635 1987 1780 2044 edita
1805 2024 1822 2056 9
1853 2010 1906 2066 p.
1956 1990 2091 2048 282.

484 2083 578 2141 sed
600 2104 726 2141 eum
754 2082 896 2139 bene
926 2078 1242 2138 refutarunt
1276 2083 1614 2136 Mathurinus
1642 2083 1702 2134 V
1694 2078 1933 2157 eiffi'erius
1955 2083 2014 2136 de
2034 2085 2092 2136 la

490 2179 640 2253 Croze
662 2175 721 2231 in
738 2171 1017 2231 Vindiciis
1044 2186 1181 2231 vett.
1205 2169 1412 2249 scriptt.
1438 2169 1700 2228 adversus
1716 2170 2091 2244 Harduinum‚

489 2270 551 2329 &
581 2269 862 2351 Christoplz.
891 2269 1090 2343 Sapius
1111 2262 1380 2344 peculiari
1403 2262 1797 2341 disputatione.

666 2485 710 2538 S
737 2496 776 2535 Ο
799 2495 894 2539 RT
915 2496 955 2537 Ε
972 2498 1006 2537 S
1060 2480 1368 2557 Virgilianae
1390 2520 1407 2550 ‚
1437 2474 1489 2536 <5³
1525 2479 1636 2534 alia
1671 2479 1924 2554 quaedarm

577 2675 690 2736 Alii
720 2675 958 2736 viciffim
984 2674 1287 2755 Virgilium
1300 2674 1541 2743 ‚coluere
1561 2673 1630 2732 ad
1653 2672 2094 2752 superstitionem

497 2768 668 2847 usque
690 2813 706 2840 ‚
731 2769 814 2825 uti
844 2787 1000 2824 rarus
1032 2766 1173 2824 solet
1211 2766 1314 2824 effe
1358 2766 1416 2823 in
1454 2765 1729 2845 plerisque
1761 2764 2095 2823 mortalibus

499 2859 595 2917 vel
630 2857 836 2921 amoris
881 2860 945 2915 &
988 2854 1411 2929 admirationi3‚
1455 2854 1549 2914 vel
1592 2855 1710 2914 odii
1745 2855 1963 2914 modus.
2004 2854 2093 2914 Sic

591 3065 609 3095 'x
661 3048 783 3098 Bibl.
826 3049 1050 3117 raifimrze'e
1091 3044 1343 3112 Τ<>ιτι.ΧῘἲ
1372 3069 1416 3115 p.
1449 3065 1557 3117 452.
