2165 3792
426 203 561 259 DE
621 204 688 259 P.
761 199 1276 258 VIRGILIO.
1528 214 1639 272 233

42 334 220 396 xicon
265 330 324 389 in
369 336 567 409 Virgile
592 374 611 406 ‚
662 342 800 387 nota
835 326 997 407 (E.)
1042 329 1382 407 Bergierium
1424 326 1492 386 de
1535 327 1649 387 viis

44 427 215 485 Rom.
241 425 411 482 Tom.
440 426 516 483 X.
545 422 734 498 Antiq.
758 421 926 477 Rom.
960 441 1014 496 p.
1061 419 1186 491 164.
1223 420 1356 497 689.
1385 418 1522 476 adde
1552 417 1647 476 vi·-

46 531 163 575 tam
206 517 257 574 S.
297 513 563 574 Guilelmi
600 523 614 548 ¹
649 513 709 569 in
745 511 895 568 Actis
928 510 1179 568 Sanctor.
1212 513 1382 569 Tom.
1421 513 1492 569 V.
1523 511 1652 570 Jun-

51 624 146 685 25.
178 625 281 664 nec
319 624 438 662 non
478 603 798 660 Naudaeana
834 622 888 678 p.
910 600 1023 678 89.
1058 599 1155 657 ubi
1190 600 1405 657 mentio
1437 598 1654 656 montis

47 694 333 774 Paufilypi
352 738 370 767 ,
393 713 558 772 quem
593 692 806 772 magica
837 705 952 748 arte
987 688 1080 747 sua
1104 688 1342 748 divi-fiffe
1367 689 1611 746 medium
1633 732 1653 761 ‚

49 785 353 865 Virgilium
389 799 685 864 nugantur.
722 782 1077 842 Petrai-cham
1103 801 1334 861 quoque
1367 780 1611 837 detulere
1632 823 1654 851 ,

49 889 117 934 ut
150 896 406 954 magum,
444 875 617 954 aliqui
665 874 813 952 apud
847 872 1242 941 Innocentium
1280 876 1360 931 VI
1403 874 1607 950 Papam
1635 914 1654 942 a

50 975 76 1004 2
104 966 596 1045 adjunxeruntque
622 964 839 1022 causam
863 961 1274 1022 criminationis
1299 1006 1318 1035 ,
1340 962 1500 1042 quod
1525 962 1654 1018 Mam

51 1060 209 1119 ronis
235 1059 481 1118 carmina
504 1058 796 1140 diligenter
836 1055 1124 1116 leffitarct.

131 1231 189 1289 9.
228 1213 432 1268 Moerz'S.

144 1375 232 1415 10,
276 1360 487 1416 Gallus.

137 1490 422 1550 Ludovici
462 1491 625 1550 Vivis
668 1490 727 1549 in
763 1490 1032 1551 Bucolica
1072 1502 1257 1563 notae,
1283 1487 1484 1569 quibus
1524 1486 1660 1546 alle—

56 1583 245 1663 gorias
278 1600 580 1657 removet,
608 1586 670 1642 &
715 1583 931 1642 sensum
980 1601 1164 1663 poetae
1207 1583 1538 1640 historicum
1579 1580 1662 1638 ri-

56 1689 281 1753 matur,
327 1675 536 1733 recusae
572 1675 696 1734 sunt
730 1677 924 1746 Tomo
967 1678 989 1733 I
1020 1677 1278 1753 Operum
1318 1671 1663 1731 eruditiffimi

45 1763 209 1823 'illius
268 1765 500 1845 Hispani
541 1787 663 1845 pag.
709 1767 845 1842 640.
906 1765 983 1845 sq.
1033 1767 1204 1823 'Le-&u
1263 1765 1426 1823 etiam
1481 1763 1666 1842 dignae

57 1855 213 1914 Galli
254 1855 539 1935 scriptoris
565 1856 971 1915 dissertationes
1005 1873 1250 1936 quatuor
1285 1877 1406 1916 non
1441 1855 1517 1913 ita
1544 1853 1666 1933 pri-

57 1944 186 2004 dem
226 1946 389 2006 editae
426 1948 540 2009 hoc
583 1947 751 2007 titulo
784 1970 797 2006 ε
835 1946 1211 2029 ΒξᾸΓενῑατίοης
1241 1950 1344 2026 fier
1393 1952 1447 2004 la
1490 1945 1668 2028 Poe'sie

59 2041 326 2123 Pastorale
354 2063 421 2097 οιι
444 2045 505 2098 de
528 2043 743 2116 l’Idylle
771 2039 827 2099 G·
859 2045 919 2099 de
942 2044 1213 2119 l'Eclogue
1233 2066 1342 2117 par
1367 2044 1451 2098 M.
1476 2037 1673 2096 l’Ahbe'

62 2131 263 2214 Genest.
311 2130 501 2204 PariS‚
547 2152 694 2209 1707
720 2178 739 2204 ‚
781 2153 867 2192 12.
903 2135 966 2191 ὅ(
1008 2134 1302 2193 acutiffimi
1341 2130 1670 2193 Fontenelle

61 2220 411 2303 Diffiertation
438 2225 540 2300 fier
580 2227 849 2303 l’Eclogue
884 2248 897 2284 :
946 2224 1212 2304 scriptum
1263 2225 1389 2304 plus
1434 2222 1670 2305 fimplici

60 2313 193 2373 vice
240 2334 371 2372 cum
409 2313 529 2392 ejus
567 2314 686 2375 aliis
735 2316 1221 2376 lucubrationibus
1263 2315 1530 2379 excusum
1553 2360 1571 2388 ,
1607 2314 1670 2386 in

63 2429 184 2488 quo
260 2410 537 2468 nonnulla
594 2410 654 2467 in
706 2410 1023 2471 Theocrito
1077 2426 1237 2470 notat
1299 2414 1362 2472 δε
1404 2409 1670 2490 Virgilio·

66 2499 377 2582 ReflexiOns
420 2501 523 2576 sur
580 2502 849 2579 l'Eclogzae
875 2546 891 2574 ‚
930 2526 1039 2577 par
1086 2505 1192 2559 Mr.
1251 2504 1398 2573 Boi,
1438 2499 1498 2556 in
1551 2498 1671 2577 ejus

64 2590 358 2669 Opusculis
411 2590 646 2667 junffim
691 2592 851 2651 editis
901 2591 1065 2653 Paris.
1127 2614 1293 2670 1727.
1347 2587 1401 2652 6⁴
1459 2598 1671 2651 OEuvres

67 2688 243 2745 mEle'es
280 2690 340 2743 de
376 2688 603 2744 AWr.***
645 2707 921 2744 conterunt
967 2712 1039 2745 urz
1085 2688 1318 2763 discours
1354 2687 1457 2762 ficr
1506 2693 1560 2743 la
1582 2688 1672 2761 fitz

69 2780 192 2855 qu'a
235 2801 294 2836 eu
340 2782 397 2835 V
393 2782 543 2856 irgile
588 2801 648 2835 etz
696 2778 997 2854 composarzc
1034 2778 1124 2854 fis
1181 2780 1491 2853 Bzccoliques
1515 2822 1536 2850 ,
1573 2799 1672 2834 une

155 2961 175 2992 1
225 2942 476 2994 Memoires
515 2943 572 2993 de
608 2941 832 2993 Trevoux
905 2943 1097 2991 trarchae
1125 2942 1249 3005 vita,
1273 2940 1333 2993 T.
1354 2941 1599 3011 2.elog³0r‚
1622 2960 1666 3010 p.

72 3027 219 3079 1711.
253 3030 298 3077 p.
341 3012 448 3078 380.
911 3029 1019 3073 124.
1395 3015 1398 3020 “

144 3097 171 3130 2
199 3080 417 3149 papyrius
433 3078 665 3131 Maffonus
687 3080 734 3129 in
752 3078 837 3130 Pe·
