<?xml version="1.0" encoding="UTF-8"?>
<!DOCTYPE html PUBLIC "-//W3C//DTD XHTML 1.0 Transitional//EN"
    "http://www.w3.org/TR/xhtml1/DTD/xhtml1-transitional.dtd">
<html xmlns="http://www.w3.org/1999/xhtml" xml:lang="en" lang="en">
 <head>
  <title>
</title>
<meta http-equiv="Content-Type" content="text/html;charset=utf-8" />
  <meta name='ocr-system' content='tesseract 3.04.00' />
  <meta name='ocr-capabilities' content='ocr_page ocr_carea ocr_par ocr_line ocrx_word'/>
</head>
<body>
  <div class='ocr_page' id='page_1' title='image "./pvirgiliimaronis002virg_0389.png"; bbox 0 0 2165 3792; ppageno 0'>
   <div class='ocr_carea' id='block_1_1' title="bbox 322 199 1666 282">
    <p class='ocr_par' dir='ltr' id='par_1_1' title="bbox 322 199 1666 282">
     <span class='ocr_line' id='line_1_1' title="bbox 322 199 1666 282; baseline 0.004 -22"><span class='ocrx_word' id='word_1_1' title='bbox 322 225 326 228; x_wconf 89' lang='lat'><strong>·</strong></span> <span class='ocrx_word' id='word_1_2' title='bbox 416 199 560 261; x_wconf 77' lang='lat' dir='ltr'>DE</span> <span class='ocrx_word' id='word_1_3' title='bbox 621 204 702 261; x_wconf 85' lang='lat' dir='ltr'>M.</span> <span class='ocrx_word' id='word_1_4' title='bbox 754 206 900 263; x_wconf 85' lang='lat' dir='ltr'>MA</span> <span class='ocrx_word' id='word_1_5' title='bbox 931 202 1110 262; x_wconf 66' lang='grc' dir='ltr'>ΝΜ</span> <span class='ocrx_word' id='word_1_6' title='bbox 1139 204 1263 263; x_wconf 76' lang='lat'>10.</span> <span class='ocrx_word' id='word_1_7' title='bbox 1558 201 1666 282; x_wconf 67' lang='lat'>331</span> 
     </span>
    </p>
   </div>
   <div class='ocr_carea' id='block_1_2' title="bbox 59 335 1719 3183">
    <p class='ocr_par' dir='ltr' id='par_1_2' title="bbox 271 335 1719 1079">
     <span class='ocr_line' id='line_1_2' title="bbox 273 335 1719 401; baseline 0 -13"><span class='ocrx_word' id='word_1_8' title='bbox 273 339 475 393; x_wconf 58' lang='lat' dir='ltr'>‘Caesare</span> <span class='ocrx_word' id='word_1_9' title='bbox 491 351 530 384; x_wconf 85' lang='lat' dir='ltr'>e.</span> <span class='ocrx_word' id='word_1_10' title='bbox 561 336 836 386; x_wconf 81' lang='lat' dir='ltr'>Comment.</span> <span class='ocrx_word' id='word_1_11' title='bbox 883 335 928 381; x_wconf 89' lang='lat' dir='ltr'><em>E</em></span> <span class='ocrx_word' id='word_1_12' title='bbox 924 335 965 401; x_wconf 85' lang='lat' dir='ltr'>j.</span> <span class='ocrx_word' id='word_1_13' title='bbox 999 335 1338 400; x_wconf 78' lang='lat' dir='ltr'><strong>Fragmentum</strong></span> <span class='ocrx_word' id='word_1_14' title='bbox 1371 337 1570 386; x_wconf 82' lang='lat' dir='ltr'><em>Cicerone</em></span> <span class='ocrx_word' id='word_1_15' title='bbox 1603 338 1676 386; x_wconf 83' lang='lat' dir='ltr'>in-</span> <span class='ocrx_word' id='word_1_16' title='bbox 1706 371 1719 388; x_wconf 53' lang='lat'><em>2</em></span> 
     </span>
     <span class='ocr_line' id='line_1_3' title="bbox 283 404 1675 471; baseline -0.002 -14"><span class='ocrx_word' id='word_1_17' title='bbox 283 416 427 471; x_wconf 77' lang='lat' dir='ltr'>terpr.</span> <span class='ocrx_word' id='word_1_18' title='bbox 449 404 530 470; x_wconf 89' lang='lat' dir='ltr'>Ej.</span> <span class='ocrx_word' id='word_1_19' title='bbox 560 404 876 454; x_wconf 86' lang='lat' dir='ltr'>Phaenomena</span> <span class='ocrx_word' id='word_1_20' title='bbox 906 404 1085 452; x_wconf 80' lang='lat' dir='ltr'><em>Avieno</em></span> <span class='ocrx_word' id='word_1_21' title='bbox 1104 404 1301 467; x_wconf 82' lang='lat' dir='ltr'>interpr.</span> <span class='ocrx_word' id='word_1_22' title='bbox 1337 405 1516 454; x_wconf 84' lang='lat' dir='ltr'>Eadem</span> <span class='ocrx_word' id='word_1_23' title='bbox 1548 405 1675 455; x_wconf 77' lang='lat' dir='ltr'>Grae-</span> 
     </span>
     <span class='ocr_line' id='line_1_4' title="bbox 279 467 1674 535; baseline -0.002 -10"><span class='ocrx_word' id='word_1_24' title='bbox 279 492 354 525; x_wconf 79' lang='lat' dir='ltr'>ce.</span> <span class='ocrx_word' id='word_1_25' title='bbox 381 472 576 523; x_wconf 80' lang='lat' dir='ltr'><em>Theonis</em></span> <span class='ocrx_word' id='word_1_26' title='bbox 607 471 877 520; x_wconf 88' lang='lat' dir='ltr'>Comment.</span> <span class='ocrx_word' id='word_1_27' title='bbox 905 467 955 516; x_wconf 89' lang='lat' dir='ltr'>in</span> <span class='ocrx_word' id='word_1_28' title='bbox 979 471 1200 532; x_wconf 77' lang='lat' dir='ltr'>Aratum,</span> <span class='ocrx_word' id='word_1_29' title='bbox 1222 487 1386 535; x_wconf 83' lang='lat' dir='ltr'>graece.</span> <span class='ocrx_word' id='word_1_30' title='bbox 1409 475 1585 520; x_wconf 79' lang='lat' dir='ltr'>Proclus</span> <span class='ocrx_word' id='word_1_31' title='bbox 1613 473 1674 522; x_wconf 83' lang='lat' dir='ltr'>de</span> 
     </span>
     <span class='ocr_line' id='line_1_5' title="bbox 279 536 1670 606; baseline 0.001 -16"><span class='ocrx_word' id='word_1_32' title='bbox 279 542 477 606; x_wconf 84' lang='lat' dir='ltr'>Sphaera</span> <span class='ocrx_word' id='word_1_33' title='bbox 493 577 505 599; x_wconf 81' lang='lat'>‚</span> <span class='ocrx_word' id='word_1_34' title='bbox 524 555 589 602; x_wconf 81' lang='lat' dir='ltr'>gr.</span> <span class='ocrx_word' id='word_1_35' title='bbox 615 537 697 586; x_wconf 84' lang='lat' dir='ltr'>lat.</span> <span class='ocrx_word' id='word_1_36' title='bbox 725 553 810 601; x_wconf 85' lang='lat' dir='ltr'>per</span> <span class='ocrx_word' id='word_1_37' title='bbox 826 536 884 586; x_wconf 89' lang='lat' dir='ltr'>T.</span> <span class='ocrx_word' id='word_1_38' title='bbox 909 537 1157 586; x_wconf 86' lang='lat' dir='ltr'>Linacrum.</span> <span class='ocrx_word' id='word_1_39' title='bbox 1191 543 1334 587; x_wconf 80' lang='lat' dir='ltr'>Vener.</span> <span class='ocrx_word' id='word_1_40' title='bbox 1355 540 1403 588; x_wconf 86' lang='lat' dir='ltr'>in</span> <span class='ocrx_word' id='word_1_41' title='bbox 1420 540 1526 591; x_wconf 83' lang='lat' dir='ltr'>AEd.</span> <span class='ocrx_word' id='word_1_42' title='bbox 1542 542 1670 591; x_wconf 85' lang='lat' dir='ltr'>Aldi.</span> 
     </span>
     <span class='ocr_line' id='line_1_6' title="bbox 277 601 1676 671; baseline -0.001 -10"><span class='ocrx_word' id='word_1_43' title='bbox 277 610 418 661; x_wconf 72' lang='grc' dir='ltr'><strong>ΜΠ).</strong></span> <span class='ocrx_word' id='word_1_44' title='bbox 433 608 514 657; x_wconf 89' lang='lat' dir='ltr'>fol.</span> <span class='ocrx_word' id='word_1_45' title='bbox 535 603 753 658; x_wconf 86' lang='lat' dir='ltr'>Exstabat</span> <span class='ocrx_word' id='word_1_46' title='bbox 779 605 829 653; x_wconf 88' lang='lat' dir='ltr'>in</span> <span class='ocrx_word' id='word_1_47' title='bbox 851 601 971 653; x_wconf 91' lang='lat' dir='ltr'>Bibl.</span> <span class='ocrx_word' id='word_1_48' title='bbox 998 602 1237 654; x_wconf 82' lang='lat' dir='ltr'>Zechiana</span> <span class='ocrx_word' id='word_1_49' title='bbox 1253 643 1266 665; x_wconf 84' lang='lat'>,</span> <span class='ocrx_word' id='word_1_50' title='bbox 1288 605 1403 655; x_wconf 89' lang='lat' dir='ltr'>teste</span> <span class='ocrx_word' id='word_1_51' title='bbox 1429 607 1532 656; x_wconf 86' lang='lat' dir='ltr'>Cat.</span> <span class='ocrx_word' id='word_1_52' title='bbox 1549 604 1676 671; x_wconf 78' lang='lat' dir='ltr'>Lips.</span> 
     </span>
     <span class='ocr_line' id='line_1_7' title="bbox 272 671 1676 741; baseline -0.004 -11"><span class='ocrx_word' id='word_1_53' title='bbox 272 679 396 741; x_wconf 80' lang='lat'><em>1780</em></span> <span class='ocrx_word' id='word_1_54' title='bbox 415 676 564 726; x_wconf 86' lang='lat' dir='ltr'>edito.</span> <span class='ocrx_word' id='word_1_55' title='bbox 588 674 628 723; x_wconf 88' lang='lat' dir='ltr'>A</span> <span class='ocrx_word' id='word_1_56' title='bbox 653 671 943 736; x_wconf 82' lang='lat' dir='ltr'>paueiffimis</span> <span class='ocrx_word' id='word_1_57' title='bbox 969 671 1158 723; x_wconf 85' lang='lat' dir='ltr'>Manilii</span> <span class='ocrx_word' id='word_1_58' title='bbox 1187 673 1520 736; x_wconf 82' lang='lat' dir='ltr'>interpretibus</span> <span class='ocrx_word' id='word_1_59' title='bbox 1548 675 1676 724; x_wconf 86' lang='lat' dir='ltr'>usur-</span> 
     </span>
     <span class='ocr_line' id='line_1_8' title="bbox 271 739 1676 810; baseline -0.002 -15"><span class='ocrx_word' id='word_1_60' title='bbox 271 754 437 810; x_wconf 86' lang='lat' dir='ltr'>patam</span> <span class='ocrx_word' id='word_1_61' title='bbox 465 741 682 792; x_wconf 85' lang='lat' dir='ltr'>observat</span> <span class='ocrx_word' id='word_1_62' title='bbox 698 739 768 791; x_wconf 92' lang='lat' dir='ltr'>El.</span> <span class='ocrx_word' id='word_1_63' title='bbox 787 742 1003 790; x_wconf 83' lang='lat' dir='ltr'>Stoeberns</span> <span class='ocrx_word' id='word_1_64' title='bbox 1025 741 1073 789; x_wconf 91' lang='lat' dir='ltr'>in</span> <span class='ocrx_word' id='word_1_65' title='bbox 1090 740 1222 803; x_wconf 82' lang='lat' dir='ltr'>praef.</span> <span class='ocrx_word' id='word_1_66' title='bbox 1243 758 1290 803; x_wconf 88' lang='lat' dir='ltr'>p.</span> <span class='ocrx_word' id='word_1_67' title='bbox 1322 759 1378 805; x_wconf 92' lang='lat'>17</span> <span class='ocrx_word' id='word_1_68' title='bbox 1399 742 1461 804; x_wconf 79' lang='lat' dir='ltr'>sq.</span> <span class='ocrx_word' id='word_1_69' title='bbox 1486 744 1563 791; x_wconf 87' lang='lat' dir='ltr'>cui</span> <span class='ocrx_word' id='word_1_70' title='bbox 1594 759 1676 793; x_wconf 50' lang='lat' dir='ltr'>ne*</span> 
     </span>
     <span class='ocr_line' id='line_1_9' title="bbox 271 807 1676 876; baseline 0 -15"><span class='ocrx_word' id='word_1_71' title='bbox 271 830 365 876; x_wconf 93' lang='lat' dir='ltr'>que</span> <span class='ocrx_word' id='word_1_72' title='bbox 380 813 531 860; x_wconf 80' lang='lat' dir='ltr'><em>Aldus</em></span> <span class='ocrx_word' id='word_1_73' title='bbox 546 808 920 872; x_wconf 81' lang='lat' dir='ltr'>Regiomontani</span> <span class='ocrx_word' id='word_1_74' title='bbox 948 807 1142 869; x_wconf 84' lang='lat' dir='ltr'>librum,</span> <span class='ocrx_word' id='word_1_75' title='bbox 1162 810 1343 858; x_wconf 91' lang='lat' dir='ltr'>nedum</span> <span class='ocrx_word' id='word_1_76' title='bbox 1362 810 1523 872; x_wconf 77' lang='lat' dir='ltr'>probae</span> <span class='ocrx_word' id='word_1_77' title='bbox 1551 823 1676 861; x_wconf 76' lang='lat' dir='ltr'>notae</span> 
     </span>
     <span class='ocr_line' id='line_1_10' title="bbox 271 876 1669 942; baseline -0.001 -13"><span class='ocrx_word' id='word_1_78' title='bbox 271 881 500 942; x_wconf 89' lang='lat' dir='ltr'>scriptum</span> <span class='ocrx_word' id='word_1_79' title='bbox 520 876 786 941; x_wconf 80' lang='lat' dir='ltr'>expreffiffe</span> <span class='ocrx_word' id='word_1_80' title='bbox 803 877 1018 938; x_wconf 83' lang='lat' dir='ltr'>videtur,</span> <span class='ocrx_word' id='word_1_81' title='bbox 1047 877 1128 926; x_wconf 85' lang='lat' dir='ltr'>sed</span> <span class='ocrx_word' id='word_1_82' title='bbox 1147 888 1355 926; x_wconf 86' lang='lat' dir='ltr'>veterem</span> <span class='ocrx_word' id='word_1_83' title='bbox 1378 878 1669 941; x_wconf 90' lang='lat' dir='ltr'>editionem,</span> 
     </span>
     <span class='ocr_line' id='line_1_11' title="bbox 271 944 1675 1011; baseline 0.001 -14"><span class='ocrx_word' id='word_1_84' title='bbox 271 947 398 997; x_wconf 85' lang='lat' dir='ltr'>forte</span> <span class='ocrx_word' id='word_1_85' title='bbox 410 947 722 1011; x_wconf 85' lang='lat' dir='ltr'>Bononiensem</span> <span class='ocrx_word' id='word_1_86' title='bbox 736 984 752 1004; x_wconf 91' lang='lat'>‚</span> <span class='ocrx_word' id='word_1_87' title='bbox 773 944 852 994; x_wconf 92' lang='lat' dir='ltr'>vel</span> <span class='ocrx_word' id='word_1_88' title='bbox 874 950 1116 995; x_wconf 85' lang='lat' dir='ltr'>Romanam</span> <span class='ocrx_word' id='word_1_89' title='bbox 1131 984 1144 1008; x_wconf 81' lang='grc'>,</span> <span class='ocrx_word' id='word_1_90' title='bbox 1163 945 1241 993; x_wconf 88' lang='lat' dir='ltr'>cui</span> <span class='ocrx_word' id='word_1_91' title='bbox 1269 947 1368 995; x_wconf 87' lang='lat' dir='ltr'>fere</span> <span class='ocrx_word' id='word_1_92' title='bbox 1391 947 1675 998; x_wconf 82' lang='lat' dir='ltr'>adamuffim</span> 
     </span>
     <span class='ocr_line' id='line_1_12' title="bbox 272 1012 1489 1079; baseline -0.001 -15"><span class='ocrx_word' id='word_1_93' title='bbox 272 1015 544 1079; x_wconf 83' lang='lat' dir='ltr'>respondet.</span> <span class='ocrx_word' id='word_1_94' title='bbox 582 1012 766 1076; x_wconf 78' lang='lat' dir='ltr'>Quidni</span> <span class='ocrx_word' id='word_1_95' title='bbox 795 1014 1120 1062; x_wconf 78' lang='lat' dir='ltr'>Dulcinianam</span> <span class='ocrx_word' id='word_1_96' title='bbox 1155 1013 1366 1063; x_wconf 85' lang='lat' dir='ltr'>imitatus</span> <span class='ocrx_word' id='word_1_97' title='bbox 1396 1014 1489 1063; x_wconf 77' lang='lat' dir='ltr'>fit?</span> 
     </span>
    </p>

    <p class='ocr_par' dir='ltr' id='par_1_3' title="bbox 63 1081 1669 1149">
     <span class='ocr_line' id='line_1_13' title="bbox 63 1081 1669 1149; baseline -0.002 -19"><span class='ocrx_word' id='word_1_98' title='bbox 63 1095 204 1149; x_wconf 32' lang='lat'>=“⁵510</span> <span class='ocrx_word' id='word_1_99' title='bbox 271 1087 473 1133; x_wconf 84' lang='lat' dir='ltr'>Romana</span> <span class='ocrx_word' id='word_1_100' title='bbox 502 1082 575 1133; x_wconf 88' lang='lat' dir='ltr'>II:</span> <span class='ocrx_word' id='word_1_101' title='bbox 609 1085 683 1130; x_wconf 91' lang='lat' dir='ltr'>M.</span> <span class='ocrx_word' id='word_1_102' title='bbox 706 1082 900 1129; x_wconf 78' lang='lat' dir='ltr'>Manilii</span> <span class='ocrx_word' id='word_1_103' title='bbox 927 1081 1256 1147; x_wconf 71' lang='lat' dir='ltr'>Astronomicon</span> <span class='ocrx_word' id='word_1_104' title='bbox 1291 1083 1464 1130; x_wconf 81' lang='lat' dir='ltr'>noviter</span> <span class='ocrx_word' id='word_1_105' title='bbox 1491 1082 1534 1130; x_wconf 59' lang='grc' dir='ltr'>ἃ</span> <span class='ocrx_word' id='word_1_106' title='bbox 1563 1082 1669 1130; x_wconf 61' lang='lat' dir='ltr'>dili.</span> 
     </span>
    </p>

    <p class='ocr_par' dir='ltr' id='par_1_4' title="bbox 60 1149 1676 2566">
     <span class='ocr_line' id='line_1_14' title="bbox 169 1149 1674 1219; baseline 0.001 -21"><span class='ocrx_word' id='word_1_107' title='bbox 169 1175 176 1180; x_wconf 53' lang='lat'>.</span> <span class='ocrx_word' id='word_1_108' title='bbox 262 1150 496 1219; x_wconf 80' lang='lat' dir='ltr'>gentiffime</span> <span class='ocrx_word' id='word_1_109' title='bbox 531 1151 808 1198; x_wconf 82' lang='lat' dir='ltr'>emendatum.</span> <span class='ocrx_word' id='word_1_110' title='bbox 841 1152 989 1197; x_wconf 84' lang='lat' dir='ltr'>Romae</span> <span class='ocrx_word' id='word_1_111' title='bbox 1011 1149 1139 1211; x_wconf 83' lang='lat' dir='ltr'>apud</span> <span class='ocrx_word' id='word_1_112' title='bbox 1164 1150 1452 1216; x_wconf 59' lang='lat' dir='ltr'>Mazoclzium</span> <span class='ocrx_word' id='word_1_113' title='bbox 1469 1188 1481 1209; x_wconf 71' lang='lat'><strong>⁷</strong></span> <span class='ocrx_word' id='word_1_114' title='bbox 1504 1170 1550 1212; x_wconf 87' lang='lat'>4.</span> <span class='ocrx_word' id='word_1_115' title='bbox 1581 1167 1674 1213; x_wconf 84' lang='lat' dir='ltr'>qua</span> 
     </span>
     <span class='ocr_line' id='line_1_15' title="bbox 183 1215 1675 1282; baseline -0.001 -14"><span class='ocrx_word' id='word_1_116' title='bbox 183 1276 190 1282; x_wconf 62' lang='lat'><strong>„</strong></span> <span class='ocrx_word' id='word_1_117' title='bbox 268 1233 361 1268; x_wconf 88' lang='lat' dir='ltr'>nec</span> <span class='ocrx_word' id='word_1_118' title='bbox 395 1216 632 1281; x_wconf 76' lang='lat' dir='ltr'>Scaliger,</span> <span class='ocrx_word' id='word_1_119' title='bbox 662 1231 752 1264; x_wconf 90' lang='lat' dir='ltr'>nec</span> <span class='ocrx_word' id='word_1_120' title='bbox 783 1215 1030 1278; x_wconf 83' lang='lat' dir='ltr'>Bentlejus</span> <span class='ocrx_word' id='word_1_121' title='bbox 1062 1216 1127 1265; x_wconf 89' lang='lat' dir='ltr'>ufi</span> <span class='ocrx_word' id='word_1_122' title='bbox 1159 1215 1298 1278; x_wconf 84' lang='lat' dir='ltr'>sunt,</span> <span class='ocrx_word' id='word_1_123' title='bbox 1330 1215 1412 1266; x_wconf 88' lang='lat' dir='ltr'>sed</span> <span class='ocrx_word' id='word_1_124' title='bbox 1445 1216 1513 1267; x_wconf 86' lang='lat' dir='ltr'>El.</span> <span class='ocrx_word' id='word_1_125' title='bbox 1549 1220 1675 1268; x_wconf 88' lang='lat' dir='ltr'>Stoe-</span> 
     </span>
     <span class='ocr_line' id='line_1_16' title="bbox 270 1283 1675 1346; baseline -0.001 -10"><span class='ocrx_word' id='word_1_126' title='bbox 270 1286 440 1346; x_wconf 81' lang='lat' dir='ltr'>berus,</span> <span class='ocrx_word' id='word_1_127' title='bbox 457 1286 534 1334; x_wconf 88' lang='lat' dir='ltr'>cui</span> <span class='ocrx_word' id='word_1_128' title='bbox 555 1300 661 1333; x_wconf 89' lang='lat' dir='ltr'>eam</span> <span class='ocrx_word' id='word_1_129' title='bbox 687 1285 917 1332; x_wconf 83' lang='lat' dir='ltr'>utendam</span> <span class='ocrx_word' id='word_1_130' title='bbox 935 1284 1122 1333; x_wconf 83' lang='lat' dir='ltr'>miserat</span> <span class='ocrx_word' id='word_1_131' title='bbox 1145 1283 1255 1334; x_wconf 89' lang='lat' dir='ltr'>clar.</span> <span class='ocrx_word' id='word_1_132' title='bbox 1278 1285 1527 1335; x_wconf 84' lang='lat' dir='ltr'>Ernestius.</span> <span class='ocrx_word' id='word_1_133' title='bbox 1550 1287 1675 1336; x_wconf 68' lang='lat' dir='ltr'>Tex-</span> 
     </span>
     <span class='ocr_line' id='line_1_17' title="bbox 268 1351 1668 1416; baseline 0 -13"><span class='ocrx_word' id='word_1_134' title='bbox 268 1362 347 1403; x_wconf 82' lang='lat' dir='ltr'>tus</span> <span class='ocrx_word' id='word_1_135' title='bbox 379 1355 482 1415; x_wconf 87' lang='lat' dir='ltr'>ejus</span> <span class='ocrx_word' id='word_1_136' title='bbox 511 1352 748 1401; x_wconf 86' lang='lat' dir='ltr'>consentit</span> <span class='ocrx_word' id='word_1_137' title='bbox 778 1366 889 1400; x_wconf 89' lang='lat' dir='ltr'>cum</span> <span class='ocrx_word' id='word_1_138' title='bbox 918 1352 1022 1402; x_wconf 88' lang='lat' dir='ltr'>MS.</span> <span class='ocrx_word' id='word_1_139' title='bbox 1054 1351 1269 1402; x_wconf 88' lang='lat' dir='ltr'>Paullino</span> <span class='ocrx_word' id='word_1_140' title='bbox 1302 1353 1556 1416; x_wconf 81' lang='lat' dir='ltr'>Lipfiens13</span> <span class='ocrx_word' id='word_1_141' title='bbox 1584 1353 1668 1403; x_wconf 84' lang='lat' dir='ltr'>sed</span> 
     </span>
     <span class='ocr_line' id='line_1_18' title="bbox 269 1418 1674 1483; baseline 0.001 -13"><span class='ocrx_word' id='word_1_142' title='bbox 269 1420 418 1471; x_wconf 88' lang='lat' dir='ltr'>habet</span> <span class='ocrx_word' id='word_1_143' title='bbox 451 1423 494 1470; x_wconf 65' lang='grc' dir='ltr'><strong>ἃ</strong></span> <span class='ocrx_word' id='word_1_144' title='bbox 523 1420 753 1470; x_wconf 69' lang='lat' dir='ltr'>lectiones</span> <span class='ocrx_word' id='word_1_145' title='bbox 785 1418 844 1468; x_wconf 89' lang='lat' dir='ltr'>ab</span> <span class='ocrx_word' id='word_1_146' title='bbox 881 1436 937 1469; x_wconf 87' lang='lat' dir='ltr'>eo</span> <span class='ocrx_word' id='word_1_147' title='bbox 974 1424 1017 1470; x_wconf 73' lang='lat' dir='ltr'>Sc</span> <span class='ocrx_word' id='word_1_148' title='bbox 1047 1419 1366 1483; x_wconf 80' lang='lat' dir='ltr'>Scaligeriano</span> <span class='ocrx_word' id='word_1_149' title='bbox 1394 1420 1440 1470; x_wconf 88' lang='lat' dir='ltr'>h.</span> <span class='ocrx_word' id='word_1_150' title='bbox 1462 1439 1502 1474; x_wconf 91' lang='lat' dir='ltr'>e.</span> <span class='ocrx_word' id='word_1_151' title='bbox 1531 1422 1674 1472; x_wconf 74' lang='lat' dir='ltr'>Gem-</span> 
     </span>
     <span class='ocr_line' id='line_1_19' title="bbox 268 1487 1672 1551; baseline 0.001 -13"><span class='ocrx_word' id='word_1_152' title='bbox 268 1488 473 1539; x_wconf 85' lang='lat' dir='ltr'>blacenfi</span> <span class='ocrx_word' id='word_1_153' title='bbox 495 1488 699 1538; x_wconf 87' lang='lat' dir='ltr'>diversas</span> <span class='ocrx_word' id='word_1_154' title='bbox 711 1527 724 1548; x_wconf 83' lang='lat'>‚</span> <span class='ocrx_word' id='word_1_155' title='bbox 742 1487 940 1537; x_wconf 85' lang='lat' dir='ltr'>testante</span> <span class='ocrx_word' id='word_1_156' title='bbox 958 1489 1060 1551; x_wconf 90' lang='lat' dir='ltr'>ipso</span> <span class='ocrx_word' id='word_1_157' title='bbox 1078 1488 1286 1538; x_wconf 89' lang='lat' dir='ltr'>Ernestio</span> <span class='ocrx_word' id='word_1_158' title='bbox 1306 1491 1364 1538; x_wconf 88' lang='lat' dir='ltr'>ad</span> <span class='ocrx_word' id='word_1_159' title='bbox 1382 1488 1672 1540; x_wconf 83' lang='lat' dir='ltr'>Fabricium.</span> 
     </span>
     <span class='ocr_line' id='line_1_20' title="bbox 60 1555 1670 1624; baseline 0 -16"><span class='ocrx_word' id='word_1_160' title='bbox 60 1569 127 1624; x_wconf 64' lang='grc' dir='ltr'>ις</span> <span class='ocrx_word' id='word_1_161' title='bbox 137 1569 194 1620; x_wconf 83' lang='grc'>33</span> <span class='ocrx_word' id='word_1_162' title='bbox 265 1558 519 1622; x_wconf 82' lang='lat' dir='ltr'>Bafilienfis</span> <span class='ocrx_word' id='word_1_163' title='bbox 544 1557 564 1607; x_wconf 91' lang='lat' dir='ltr'>I</span> <span class='ocrx_word' id='word_1_164' title='bbox 588 1557 638 1604; x_wconf 90' lang='lat' dir='ltr'>in</span> <span class='ocrx_word' id='word_1_165' title='bbox 656 1555 959 1618; x_wconf 83' lang='lat' dir='ltr'>Hervagiana</span> <span class='ocrx_word' id='word_1_166' title='bbox 985 1557 1094 1607; x_wconf 86' lang='lat' dir='ltr'>Nic.</span> <span class='ocrx_word' id='word_1_167' title='bbox 1122 1557 1361 1605; x_wconf 81' lang='lat' dir='ltr'>Pruckneri</span> <span class='ocrx_word' id='word_1_168' title='bbox 1383 1556 1670 1608; x_wconf 67' lang='lat' dir='ltr'>collectione</span> 
     </span>
     <span class='ocr_line' id='line_1_21' title="bbox 264 1623 1666 1691; baseline -0.001 -16"><span class='ocrx_word' id='word_1_169' title='bbox 264 1623 671 1687; x_wconf 84' lang='lat' dir='ltr'>Astrologicorum</span> <span class='ocrx_word' id='word_1_170' title='bbox 690 1624 975 1686; x_wconf 84' lang='lat' dir='ltr'>scriptorum</span> <span class='ocrx_word' id='word_1_171' title='bbox 998 1635 1215 1674; x_wconf 86' lang='lat' dir='ltr'>veterum</span> <span class='ocrx_word' id='word_1_172' title='bbox 1235 1663 1250 1685; x_wconf 80' lang='lat'><strong>‚</strong></span> <span class='ocrx_word' id='word_1_173' title='bbox 1274 1624 1422 1691; x_wconf 84' lang='lat' dir='ltr'>(Julii</span> <span class='ocrx_word' id='word_1_174' title='bbox 1448 1626 1666 1687; x_wconf 79' lang='lat' dir='ltr'>Firmioi,</span> 
     </span>
     <span class='ocr_line' id='line_1_22' title="bbox 266 1690 1669 1752; baseline 0.001 -10"><span class='ocrx_word' id='word_1_175' title='bbox 266 1692 342 1742; x_wconf 87' lang='lat' dir='ltr'>Cl.</span> <span class='ocrx_word' id='word_1_176' title='bbox 376 1690 618 1742; x_wconf 86' lang='lat' dir='ltr'>Ptolemaei</span> <span class='ocrx_word' id='word_1_177' title='bbox 654 1708 714 1740; x_wconf 85' lang='lat' dir='ltr'>ex</span> <span class='ocrx_word' id='word_1_178' title='bbox 748 1693 915 1742; x_wconf 88' lang='lat' dir='ltr'>Graeco</span> <span class='ocrx_word' id='word_1_179' title='bbox 951 1692 1138 1752; x_wconf 84' lang='lat' dir='ltr'>Latini,</span> <span class='ocrx_word' id='word_1_180' title='bbox 1171 1694 1216 1741; x_wconf 69' lang='grc' dir='ltr'>δι</span> <span class='ocrx_word' id='word_1_181' title='bbox 1261 1709 1320 1741; x_wconf 83' lang='lat' dir='ltr'>ex</span> <span class='ocrx_word' id='word_1_182' title='bbox 1352 1693 1587 1743; x_wconf 84' lang='lat' dir='ltr'>Arabibus</span> <span class='ocrx_word' id='word_1_183' title='bbox 1624 1697 1669 1744; x_wconf 66' lang='grc' dir='ltr'>ὃς</span> 
     </span>
     <span class='ocr_line' id='line_1_23' title="bbox 264 1758 1668 1822; baseline 0.001 -13"><span class='ocrx_word' id='word_1_184' title='bbox 264 1759 502 1809; x_wconf 85' lang='lat' dir='ltr'>Chaldaeis</span> <span class='ocrx_word' id='word_1_185' title='bbox 536 1760 808 1818; x_wconf 86' lang='lat' dir='ltr'>Hermetis,</span> <span class='ocrx_word' id='word_1_186' title='bbox 844 1758 1074 1820; x_wconf 84' lang='lat' dir='ltr'>Bethem,</span> <span class='ocrx_word' id='word_1_187' title='bbox 1108 1758 1420 1819; x_wconf 85' lang='lat' dir='ltr'>Almansoris‚</span> <span class='ocrx_word' id='word_1_188' title='bbox 1447 1760 1668 1822; x_wconf 77' lang='lat' dir='ltr'>Zahelis‚</span> 
     </span>
     <span class='ocr_line' id='line_1_24' title="bbox 261 1825 1670 1890; baseline -0.001 -12"><span class='ocrx_word' id='word_1_189' title='bbox 261 1825 562 1878; x_wconf 82' lang='lat' dir='ltr'>Meffahalah</span> <span class='ocrx_word' id='word_1_190' title='bbox 610 1828 794 1887; x_wconf 83' lang='lat' dir='ltr'>Ornat)</span> <span class='ocrx_word' id='word_1_191' title='bbox 833 1843 1038 1889; x_wconf 90' lang='lat' dir='ltr'>quorum</span> <span class='ocrx_word' id='word_1_192' title='bbox 1083 1844 1257 1890; x_wconf 86' lang='lat' dir='ltr'>agmen</span> <span class='ocrx_word' id='word_1_193' title='bbox 1298 1827 1479 1877; x_wconf 82' lang='lat' dir='ltr'>claudit</span> <span class='ocrx_word' id='word_1_194' title='bbox 1515 1831 1670 1878; x_wconf 82' lang='lat' dir='ltr'>Marci</span> 
     </span>
     <span class='ocr_line' id='line_1_25' title="bbox 262 1893 1664 1959; baseline -0.001 -15"><span class='ocrx_word' id='word_1_195' title='bbox 262 1896 458 1944; x_wconf 76' lang='lat' dir='ltr'>Manilii</span> <span class='ocrx_word' id='word_1_196' title='bbox 484 1910 622 1959; x_wconf 85' lang='lat' dir='ltr'>poetoe</span> <span class='ocrx_word' id='word_1_197' title='bbox 660 1893 946 1942; x_wconf 73' lang='lat' dir='ltr'>disertissimi</span> <span class='ocrx_word' id='word_1_198' title='bbox 980 1895 1345 1943; x_wconf 88' lang='lat' dir='ltr'>Astronomicon</span> <span class='ocrx_word' id='word_1_199' title='bbox 1371 1894 1454 1945; x_wconf 89' lang='lat' dir='ltr'>lib.</span> <span class='ocrx_word' id='word_1_200' title='bbox 1482 1897 1539 1944; x_wconf 89' lang='lat' dir='ltr'>V.</span> <span class='ocrx_word' id='word_1_201' title='bbox 1572 1925 1664 1935; x_wconf 85' lang='lat'>——</span> 
     </span>
     <span class='ocr_line' id='line_1_26' title="bbox 259 1960 1668 2025; baseline 0.001 -14"><span class='ocrx_word' id='word_1_202' title='bbox 259 1961 450 2012; x_wconf 83' lang='lat' dir='ltr'>Bafileae</span> <span class='ocrx_word' id='word_1_203' title='bbox 475 1976 534 2008; x_wconf 80' lang='lat' dir='ltr'>ex</span> <span class='ocrx_word' id='word_1_204' title='bbox 552 1960 742 2009; x_wconf 86' lang='lat' dir='ltr'>officina</span> <span class='ocrx_word' id='word_1_205' title='bbox 763 1961 959 2020; x_wconf 83' lang='lat' dir='ltr'>Joannis</span> <span class='ocrx_word' id='word_1_206' title='bbox 988 1961 1214 2025; x_wconf 81' lang='lat' dir='ltr'>Hervagii</span> <span class='ocrx_word' id='word_1_207' title='bbox 1230 1999 1244 2022; x_wconf 81' lang='lat'>,</span> <span class='ocrx_word' id='word_1_208' title='bbox 1265 1962 1426 2012; x_wconf 86' lang='lat' dir='ltr'>mense</span> <span class='ocrx_word' id='word_1_209' title='bbox 1453 1963 1632 2013; x_wconf 87' lang='lat' dir='ltr'>Martio</span> <span class='ocrx_word' id='word_1_210' title='bbox 1649 2002 1668 2024; x_wconf 87' lang='lat'>,</span> 
     </span>
     <span class='ocr_line' id='line_1_27' title="bbox 261 2026 1671 2093; baseline 0.002 -14"><span class='ocrx_word' id='word_1_211' title='bbox 261 2030 402 2079; x_wconf 90' lang='lat' dir='ltr'>Anno</span> <span class='ocrx_word' id='word_1_212' title='bbox 420 2029 491 2078; x_wconf 84' lang='lat' dir='ltr'>M.</span> <span class='ocrx_word' id='word_1_213' title='bbox 510 2028 569 2077; x_wconf 90' lang='lat' dir='ltr'>D.</span> <span class='ocrx_word' id='word_1_214' title='bbox 581 2028 818 2078; x_wconf 86' lang='lat' dir='ltr'>XXXIII.</span> <span class='ocrx_word' id='word_1_215' title='bbox 834 2026 918 2076; x_wconf 85' lang='lat' dir='ltr'>fol.</span> <span class='ocrx_word' id='word_1_216' title='bbox 938 2028 1263 2077; x_wconf 87' lang='lat' dir='ltr'>Prucknerum</span> <span class='ocrx_word' id='word_1_217' title='bbox 1280 2040 1467 2079; x_wconf 87' lang='lat' dir='ltr'>tantum</span> <span class='ocrx_word' id='word_1_218' title='bbox 1485 2032 1514 2093; x_wconf 86' lang='lat' dir='ltr'>J</span> <span class='ocrx_word' id='word_1_219' title='bbox 1517 2031 1671 2082; x_wconf 85' lang='lat' dir='ltr'>ulium</span> 
     </span>
     <span class='ocr_line' id='line_1_28' title="bbox 265 2095 1669 2161; baseline 0.001 -14"><span class='ocrx_word' id='word_1_220' title='bbox 265 2095 532 2147; x_wconf 81' lang='lat' dir='ltr'>Firmicum</span> <span class='ocrx_word' id='word_1_221' title='bbox 556 2098 846 2161; x_wconf 75' lang='lat' dir='ltr'>emendatum,</span> <span class='ocrx_word' id='word_1_222' title='bbox 878 2098 1026 2161; x_wconf 83' lang='lat' dir='ltr'>quoad</span> <span class='ocrx_word' id='word_1_223' title='bbox 1054 2096 1207 2156; x_wconf 74' lang='lat' dir='ltr'>licuit,</span> <span class='ocrx_word' id='word_1_224' title='bbox 1233 2097 1393 2147; x_wconf 82' lang='lat' dir='ltr'>denuo</span> <span class='ocrx_word' id='word_1_225' title='bbox 1423 2099 1669 2150; x_wconf 88' lang='lat' dir='ltr'>edendum</span> 
     </span>
     <span class='ocr_line' id='line_1_29' title="bbox 265 2161 1669 2225; baseline 0.003 -12"><span class='ocrx_word' id='word_1_226' title='bbox 265 2163 353 2213; x_wconf 86' lang='lat' dir='ltr'>fibi</span> <span class='ocrx_word' id='word_1_227' title='bbox 389 2163 594 2213; x_wconf 82' lang='lat' dir='ltr'>sumfiffe</span> <span class='ocrx_word' id='word_1_228' title='bbox 632 2166 676 2212; x_wconf 65' lang='grc' dir='ltr'>ὃς</span> <span class='ocrx_word' id='word_1_229' title='bbox 711 2161 876 2212; x_wconf 87' lang='lat' dir='ltr'>titulus</span> <span class='ocrx_word' id='word_1_230' title='bbox 914 2165 959 2212; x_wconf 73' lang='grc' dir='ltr'>δε</span> <span class='ocrx_word' id='word_1_231' title='bbox 1001 2179 1074 2225; x_wconf 90' lang='lat' dir='ltr'>ep.</span> <span class='ocrx_word' id='word_1_232' title='bbox 1124 2164 1283 2214; x_wconf 87' lang='lat' dir='ltr'>dedic.</span> <span class='ocrx_word' id='word_1_233' title='bbox 1318 2166 1379 2214; x_wconf 90' lang='lat' dir='ltr'>ad</span> <span class='ocrx_word' id='word_1_234' title='bbox 1418 2166 1669 2217; x_wconf 89' lang='lat' dir='ltr'>Othonem</span> 
     </span>
     <span class='ocr_line' id='line_1_30' title="bbox 261 2230 1669 2295; baseline 0.001 -14"><span class='ocrx_word' id='word_1_235' title='bbox 261 2230 579 2282; x_wconf 74' lang='lat' dir='ltr'>Brunfelsium</span> <span class='ocrx_word' id='word_1_236' title='bbox 613 2230 853 2295; x_wconf 84' lang='lat' dir='ltr'>fignificat.</span> <span class='ocrx_word' id='word_1_237' title='bbox 891 2230 1081 2280; x_wconf 84' lang='lat' dir='ltr'>Manilii</span> <span class='ocrx_word' id='word_1_238' title='bbox 1108 2240 1268 2280; x_wconf 83' lang='lat' dir='ltr'>autem</span> <span class='ocrx_word' id='word_1_239' title='bbox 1299 2242 1484 2282; x_wconf 80' lang='lat' dir='ltr'>textum</span> <span class='ocrx_word' id='word_1_240' title='bbox 1506 2252 1565 2283; x_wconf 80' lang='lat' dir='ltr'>ex</span> <span class='ocrx_word' id='word_1_241' title='bbox 1588 2232 1669 2285; x_wconf 84' lang='lat' dir='ltr'>Al-</span> 
     </span>
     <span class='ocr_line' id='line_1_31' title="bbox 265 2293 1663 2364; baseline 0.001 -15"><span class='ocrx_word' id='word_1_242' title='bbox 265 2299 380 2349; x_wconf 86' lang='lat' dir='ltr'>dina</span> <span class='ocrx_word' id='word_1_243' title='bbox 406 2299 662 2363; x_wconf 88' lang='lat' dir='ltr'>repetitum</span> <span class='ocrx_word' id='word_1_244' title='bbox 686 2298 783 2347; x_wconf 57' lang='lat' dir='ltr'>&#39;effe</span> <span class='ocrx_word' id='word_1_245' title='bbox 813 2293 1084 2362; x_wconf 86' lang='lat' dir='ltr'>colligimus</span> <span class='ocrx_word' id='word_1_246' title='bbox 1105 2314 1164 2348; x_wconf 85' lang='lat' dir='ltr'>ex</span> <span class='ocrx_word' id='word_1_247' title='bbox 1178 2299 1371 2364; x_wconf 71' lang='lat' dir='ltr'>&#39;epilogo</span> <span class='ocrx_word' id='word_1_248' title='bbox 1392 2302 1495 2364; x_wconf 92' lang='lat' dir='ltr'>post</span> <span class='ocrx_word' id='word_1_249' title='bbox 1513 2302 1663 2352; x_wconf 75' lang='lat' dir='ltr'>finem</span> 
     </span>
     <span class='ocr_line' id='line_1_32' title="bbox 261 2365 1676 2431; baseline 0.004 -16"><span class='ocrx_word' id='word_1_250' title='bbox 261 2367 419 2431; x_wconf 89' lang='lat' dir='ltr'>quinti</span> <span class='ocrx_word' id='word_1_251' title='bbox 454 2370 499 2417; x_wconf 70' lang='grc' dir='ltr'>ἃ</span> <span class='ocrx_word' id='word_1_252' title='bbox 524 2367 681 2417; x_wconf 85' lang='lat' dir='ltr'>ultimi</span> <span class='ocrx_word' id='word_1_253' title='bbox 709 2365 834 2417; x_wconf 88' lang='lat' dir='ltr'>libri.</span> <span class='ocrx_word' id='word_1_254' title='bbox 864 2366 909 2417; x_wconf 90' lang='lat' dir='ltr'>Is</span> <span class='ocrx_word' id='word_1_255' title='bbox 941 2366 1070 2415; x_wconf 79' lang='lat' dir='ltr'>enim</span> <span class='ocrx_word' id='word_1_256' title='bbox 1100 2367 1164 2414; x_wconf 88' lang='lat' dir='ltr'>est</span> <span class='ocrx_word' id='word_1_257' title='bbox 1194 2367 1334 2430; x_wconf 74' lang='lat' dir='ltr'>ipsius</span> <span class='ocrx_word' id='word_1_258' title='bbox 1369 2367 1506 2431; x_wconf 79' lang='lat' dir='ltr'>Aldi3</span> <span class='ocrx_word' id='word_1_259' title='bbox 1535 2371 1676 2420; x_wconf 79' lang='lat' dir='ltr'>unde·</span> 
     </span>
     <span class='ocr_line' id='line_1_33' title="bbox 264 2432 1664 2497; baseline 0.002 -13"><span class='ocrx_word' id='word_1_260' title='bbox 264 2450 326 2484; x_wconf 86' lang='lat' dir='ltr'>ex</span> <span class='ocrx_word' id='word_1_261' title='bbox 356 2451 412 2484; x_wconf 87' lang='lat' dir='ltr'>ea</span> <span class='ocrx_word' id='word_1_262' title='bbox 451 2433 573 2484; x_wconf 90' lang='lat' dir='ltr'>nihil</span> <span class='ocrx_word' id='word_1_263' title='bbox 612 2435 814 2497; x_wconf 87' lang='lat' dir='ltr'>propriae</span> <span class='ocrx_word' id='word_1_264' title='bbox 861 2432 1016 2484; x_wconf 84' lang='lat' dir='ltr'>laudis</span> <span class='ocrx_word' id='word_1_265' title='bbox 1053 2433 1201 2484; x_wconf 85' lang='lat' dir='ltr'>habet</span> <span class='ocrx_word' id='word_1_266' title='bbox 1234 2436 1550 2488; x_wconf 75' lang='lat' dir='ltr'>PruckneruS.</span> <span class='ocrx_word' id='word_1_267' title='bbox 1588 2438 1664 2489; x_wconf 85' lang='lat' dir='ltr'>Est</span> 
     </span>
     <span class='ocr_line' id='line_1_34' title="bbox 262 2501 1009 2566; baseline 0.001 -14"><span class='ocrx_word' id='word_1_268' title='bbox 262 2519 411 2566; x_wconf 89' lang='lat' dir='ltr'>penes</span> <span class='ocrx_word' id='word_1_269' title='bbox 440 2503 497 2553; x_wconf 90' lang='lat' dir='ltr'>G.</span> <span class='ocrx_word' id='word_1_270' title='bbox 528 2502 581 2553; x_wconf 88' lang='lat' dir='ltr'>C.</span> <span class='ocrx_word' id='word_1_271' title='bbox 614 2501 846 2552; x_wconf 87' lang='lat' dir='ltr'>Crollium</span> <span class='ocrx_word' id='word_1_272' title='bbox 885 2502 1009 2553; x_wconf 84' lang='lat' dir='ltr'>Prof.</span> 
     </span>
    </p>

    <p class='ocr_par' dir='ltr' id='par_1_5' title="bbox 63 2569 957 2638">
     <span class='ocr_line' id='line_1_35' title="bbox 63 2569 957 2638; baseline 0 -18"><span class='ocrx_word' id='word_1_273' title='bbox 63 2584 190 2638; x_wconf 68' lang='lat'>1351</span> <span class='ocrx_word' id='word_1_274' title='bbox 264 2571 445 2622; x_wconf 85' lang='lat' dir='ltr'>Eadem</span> <span class='ocrx_word' id='word_1_275' title='bbox 474 2571 675 2634; x_wconf 85' lang='lat' dir='ltr'>repetita</span> <span class='ocrx_word' id='word_1_276' title='bbox 711 2570 826 2620; x_wconf 91' lang='lat' dir='ltr'>ibid.</span> <span class='ocrx_word' id='word_1_277' title='bbox 868 2569 957 2620; x_wconf 85' lang='lat' dir='ltr'>fol.</span> 
     </span>
    </p>

    <p class='ocr_par' dir='ltr' id='par_1_6' title="bbox 59 2635 1663 3183">
     <span class='ocr_line' id='line_1_36' title="bbox 59 2635 1658 2705; baseline 0.003 -18"><span class='ocrx_word' id='word_1_278' title='bbox 59 2635 195 2705; x_wconf 65' lang='lat'><em>,1566</em></span> <span class='ocrx_word' id='word_1_279' title='bbox 263 2640 561 2704; x_wconf 82' lang='lat' dir='ltr'>Lugdunenfis</span> <span class='ocrx_word' id='word_1_280' title='bbox 589 2642 867 2688; x_wconf 66' lang='lat' dir='ltr'>Mozzmst</span> <span class='ocrx_word' id='word_1_281' title='bbox 895 2638 1053 2688; x_wconf 85' lang='lat' dir='ltr'>Marci</span> <span class='ocrx_word' id='word_1_282' title='bbox 1083 2637 1275 2689; x_wconf 86' lang='lat' dir='ltr'>Manilii</span> <span class='ocrx_word' id='word_1_283' title='bbox 1305 2648 1459 2703; x_wconf 80' lang='lat' dir='ltr'>poetae</span> <span class='ocrx_word' id='word_1_284' title='bbox 1492 2639 1658 2692; x_wconf 76' lang='lat' dir='ltr'>clariss.</span> 
     </span>
     <span class='ocr_line' id='line_1_37' title="bbox 260 2705 1660 2774; baseline 0.002 -18"><span class='ocrx_word' id='word_1_285' title='bbox 260 2705 631 2756; x_wconf 84' lang='lat' dir='ltr'>Astronomicon</span> <span class='ocrx_word' id='word_1_286' title='bbox 655 2707 715 2755; x_wconf 87' lang='lat' dir='ltr'>ad</span> <span class='ocrx_word' id='word_1_287' title='bbox 744 2705 975 2755; x_wconf 81' lang='lat' dir='ltr'>Caesarem</span> <span class='ocrx_word' id='word_1_288' title='bbox 1004 2706 1278 2770; x_wconf 84' lang='lat' dir='ltr'>Augustum.</span> <span class='ocrx_word' id='word_1_289' title='bbox 1306 2710 1510 2774; x_wconf 79' lang='lat' dir='ltr'>Lugduni</span> <span class='ocrx_word' id='word_1_290' title='bbox 1528 2711 1660 2774; x_wconf 78' lang='lat' dir='ltr'>apud</span> 
     </span>
     <span class='ocr_line' id='line_1_38' title="bbox 260 2772 1662 2841; baseline 0.005 -20"><span class='ocrx_word' id='word_1_291' title='bbox 260 2773 402 2833; x_wconf 78' lang='lat' dir='ltr'>Joan.</span> <span class='ocrx_word' id='word_1_292' title='bbox 443 2776 697 2836; x_wconf 70' lang='lat' dir='ltr'>Tornafium</span> <span class='ocrx_word' id='word_1_293' title='bbox 727 2772 1104 2837; x_wconf 85' lang='lat' dir='ltr'>Typographum</span> <span class='ocrx_word' id='word_1_294' title='bbox 1129 2775 1351 2838; x_wconf 84' lang='lat' dir='ltr'>Regium.</span> <span class='ocrx_word' id='word_1_295' title='bbox 1390 2793 1460 2825; x_wconf 90' lang='lat'>12.</span> <span class='ocrx_word' id='word_1_296' title='bbox 1494 2776 1547 2826; x_wconf 91' lang='lat' dir='ltr'>In</span> <span class='ocrx_word' id='word_1_297' title='bbox 1582 2795 1662 2841; x_wconf 82' lang='lat' dir='ltr'>ep.</span> 
     </span>
     <span class='ocr_line' id='line_1_39' title="bbox 257 2840 1661 2894; baseline 0.004 -5"><span class='ocrx_word' id='word_1_298' title='bbox 257 2840 419 2889; x_wconf 85' lang='lat' dir='ltr'>dedic.</span> <span class='ocrx_word' id='word_1_299' title='bbox 448 2840 669 2892; x_wconf 82' lang='lat' dir='ltr'>Nobiliff.</span> <span class='ocrx_word' id='word_1_300' title='bbox 702 2841 803 2889; x_wconf 87' lang='lat' dir='ltr'>viro</span> <span class='ocrx_word' id='word_1_301' title='bbox 833 2841 985 2890; x_wconf 89' lang='lat' dir='ltr'>Ponto</span> <span class='ocrx_word' id='word_1_302' title='bbox 1009 2858 1036 2889; x_wconf 87' lang='lat' dir='ltr'>a</span> <span class='ocrx_word' id='word_1_303' title='bbox 1061 2842 1239 2891; x_wconf 90' lang='lat' dir='ltr'>Tiardo</span> <span class='ocrx_word' id='word_1_304' title='bbox 1270 2842 1571 2893; x_wconf 87' lang='lat' dir='ltr'>Caronomeo</span> <span class='ocrx_word' id='word_1_305' title='bbox 1590 2846 1661 2894; x_wconf 87' lang='lat' dir='ltr'>in-</span> 
     </span>
     <span class='ocr_line' id='line_1_40' title="bbox 263 2906 1663 2975; baseline 0.004 -20"><span class='ocrx_word' id='word_1_306' title='bbox 263 2906 435 2969; x_wconf 87' lang='lat' dir='ltr'>scripta</span> <span class='ocrx_word' id='word_1_307' title='bbox 466 2909 697 2957; x_wconf 81' lang='lat' dir='ltr'>Antonius</span> <span class='ocrx_word' id='word_1_308' title='bbox 728 2907 959 2958; x_wconf 86' lang='lat' dir='ltr'>Molinius</span> <span class='ocrx_word' id='word_1_309' title='bbox 989 2908 1346 2960; x_wconf 85' lang='lat' dir='ltr'>Matisconenfis</span> <span class='ocrx_word' id='word_1_310' title='bbox 1365 2911 1550 2975; x_wconf 88' lang='lat' dir='ltr'>inquit:</span> <span class='ocrx_word' id='word_1_311' title='bbox 1578 2916 1663 2963; x_wconf 81' lang='lat' dir='ltr'>Cu-</span> 
     </span>
     <span class='ocr_line' id='line_1_41' title="bbox 252 2974 1660 3044; baseline 0.006 -24"><span class='ocrx_word' id='word_1_312' title='bbox 252 2974 336 3043; x_wconf 84' lang='lat' dir='ltr'>jus</span> <span class='ocrx_word' id='word_1_313' title='bbox 367 2974 634 3041; x_wconf 82' lang='lat' dir='ltr'>(Manilii)</span> <span class='ocrx_word' id='word_1_314' title='bbox 664 2977 834 3025; x_wconf 63' lang='lat' dir='ltr'>lenione</span> <span class='ocrx_word' id='word_1_315' title='bbox 861 2978 1039 3039; x_wconf 72' lang='lat' dir='ltr'>mirifice</span> <span class='ocrx_word' id='word_1_316' title='bbox 1068 2979 1300 3028; x_wconf 66' lang='lat' dir='ltr'>oblec‘iatus</span> <span class='ocrx_word' id='word_1_317' title='bbox 1319 2998 1406 3027; x_wconf 88' lang='lat' dir='ltr'>non</span> <span class='ocrx_word' id='word_1_318' title='bbox 1427 2981 1553 3044; x_wconf 80' lang='lat' dir='ltr'>potui</span> <span class='ocrx_word' id='word_1_319' title='bbox 1571 2999 1660 3028; x_wconf 67' lang='lat' dir='ltr'>nore</span> 
     </span>
     <span class='ocr_line' id='line_1_42' title="bbox 248 3043 1659 3111; baseline 0.005 -23"><span class='ocrx_word' id='word_1_320' title='bbox 248 3043 434 3108; x_wconf 79' lang='lat' dir='ltr'>fingula</span> <span class='ocrx_word' id='word_1_321' title='bbox 465 3060 635 3107; x_wconf 65' lang='lat' dir='ltr'>quaeque</span> <span class='ocrx_word' id='word_1_322' title='bbox 670 3045 872 3091; x_wconf 65' lang='lat' dir='ltr'>exafliori</span> <span class='ocrx_word' id='word_1_323' title='bbox 899 3046 1063 3092; x_wconf 80' lang='lat' dir='ltr'>trutina</span> <span class='ocrx_word' id='word_1_324' title='bbox 1087 3048 1339 3111; x_wconf 83' lang='lat' dir='ltr'>ponderare.</span> <span class='ocrx_word' id='word_1_325' title='bbox 1378 3048 1424 3093; x_wconf 92' lang='lat' dir='ltr'><em>V</em></span> <span class='ocrx_word' id='word_1_326' title='bbox 1420 3059 1531 3095; x_wconf 69' lang='lat' dir='ltr'>erum</span> <span class='ocrx_word' id='word_1_327' title='bbox 1564 3066 1659 3096; x_wconf 76' lang='lat' dir='ltr'>cum</span> 
     </span>
     <span class='ocr_line' id='line_1_43' title="bbox 255 3109 1657 3183; baseline 0.004 -25"><span class='ocrx_word' id='word_1_328' title='bbox 255 3109 458 3180; x_wconf 61' lang='lat' dir='ltr'>dffCdia</span> <span class='ocrx_word' id='word_1_329' title='bbox 487 3113 680 3178; x_wconf 71' lang='lat' dir='ltr'>quaedam</span> <span class='ocrx_word' id='word_1_330' title='bbox 697 3146 710 3173; x_wconf 86' lang='lat'>‚</span> <span class='ocrx_word' id='word_1_331' title='bbox 738 3127 819 3161; x_wconf 80' lang='lat' dir='ltr'>aut</span> <span class='ocrx_word' id='word_1_332' title='bbox 844 3111 1004 3180; x_wconf 77' lang='lat' dir='ltr'>forfizn</span> <span class='ocrx_word' id='word_1_333' title='bbox 1035 3113 1092 3162; x_wconf 82' lang='lat' dir='ltr'>ab</span> <span class='ocrx_word' id='word_1_334' title='bbox 1126 3115 1308 3169; x_wconf 61' lang='lat' dir='ltr'>audosis</span> <span class='ocrx_word' id='word_1_335' title='bbox 1338 3116 1513 3183; x_wconf 71' lang='lat' dir='ltr'>ingenio</span> <span class='ocrx_word' id='word_1_336' title='bbox 1551 3116 1657 3165; x_wconf 79' lang='lat' dir='ltr'>alie·</span> 
     </span>
    </p>
   </div>
  </div>
 </body>
</html>
