2165 3792
427 263 547 323 ¹34
861 240 1594 324 MMANJLJJ

419 376 667 455 Quodque
692 373 761 433 his
783 376 1024 458 exsuperat
1049 378 1243 445 demtis,
1272 379 1318 437 id
1343 379 1504 438 ducito
1529 378 1578 437 in
1599 401 1751 462 aequas
1792 376 1813 384 *¹

421 471 510 524 Sex
538 489 686 547 partes
706 511 719 534 ‚
743 467 1007 548 sextamque
1028 469 1205 527 ardenti
1227 470 1355 528 trade
1378 471 1543 529 Leoni.

420 559 587 618 Rursus
611 558 688 638 qui
711 558 881 616 steterit
907 583 1122 617 numerus
1146 560 1225 617 sub
1247 559 1438 619 nomi-ne
1463 561 1650 632 noffis,‘

422 651 532 728 Ejus
557 650 642 709 erit
663 650 794 731 signo
818 651 958 709 Tauri
982 675 1084 732 pars
1109 651 1187 710 illa
1214 652 1444 712 dicanda.v

417 745 661 823 Quodque
685 743 801 803 hanc
823 745 1062 823 exsuperat
1081 764 1257 824 partem
1277 789 1292 813 ‚
1316 746 1550 827 superatur
1571 747 1627 805 ab
1650 744 1728 805 illa
1744 792 1762 818 ,

418 832 766 912 Distinguitque
790 834 898 890 duas
920 833 1077 890 medio
1099 833 1363 893 discrimine
1389 836 1613 904 summas3

414 925 573 984 Tertia
597 949 700 1005 pars
723 926 820 1002 ejus
846 947 1039 982 numero
1064 925 1352 1004 superaddita
1377 926 1517 985 Tauri

413 1015 629 1072 Traditur
649 1015 694 1073 ἃ
722 1014 947 1073 Geminis.
974 1014 1121 1072 Simili
1148 1034 1257 1072 tunc
1282 1036 1434 1074 cetera
1455 1020 1590 1078 lucro

413 1106 711 1173 Procedunt‚
735 1129 953 1163 numeros
981 1106 1162 1186 semper
1186 1125 1326 1165 tutata
1351 1106 1568 1186 priores·,

411 1196 763 1276 Augebuntque
788 1220 918 1255 novo
942 1195 1114 1253 vicinas
1136 1219 1324 1254 munere
1350 1198 1570 1265 summan,

411 1289 584 1344 Donec
606 1287 871 1366 perveniant
894 1287 949 1343 ad
970 1286 1095 1364 justae
1120 1286 1264 1344 sidera
1284 1285 1460 1344 Librae:

411 1377 479 1432 Ex
500 1374 576 1432 illa
598 1377 793 1433 totidem
816 1398 898 1455 per
925 1396 1077 1456 partes
1098 1375 1157 1433 fic
1181 1375 1443 1433 breviantur
1461 1420 1477 1441 ‚

407 1468 626 1547 Lanigeri
651 1469 707 1525 ad
731 1467 874 1525 fines:
903 1468 1217 1547 conversaque
1244 1468 1399 1525 omnia
1425 1467 1532 1550 lege

404 1560 659 1640 Accipiunt
684 1562 978 1640 redduntque
1003 1583 1135 1639 pares
1158 1558 1367 1617 cedentia
1388 1560 1553 1617 sortes⁴²

403 1653 520 1709 Haec
542 1650 616 1708 via
636 1651 904 1708 monstrabit
925 1650 1169 1708 stadiorum
1195 1672 1376 1729 ponere
1399 1649 1624 1717 summas3

404 1743 464 1801 Et
488 1765 728 1800 numerare
754 1742 860 1800 suos
887 1760 1010 1799 ortus
1034 1764 1117 1820 per
1144 1739 1288 1797 sidera
1314 1739 1490 1798 cuneta.

402 1836 555 1909 Quod
574 1835 717 1892 breve
740 1858 841 1892 cum
868 1835 1067 1914 propriis
1091 1833 1221 1890 simul
1244 1831 1556 1913 acceptaveris
1579 1829 1744 1900 horis;

402 1929 456 1983 In
484 1927 607 1984 nulla
632 1926 760 1983 fallet
779 1925 975 2006 regione
998 1925 1310 2006 Horoscopos
1332 1947 1530 2005 unquam
1544 1949 1563 1992 3.

399 2021 526 2076 Cum
549 2037 772 2098 poterunt
794 2018 928 2076 certis
951 2018 1176 2077 numerari
1201 2017 1374 2098 singula
1392 2016 1516 2097 signa

397 2110 715 2189 Temporibus
733 2154 747 2176 ‚
768 2130 898 2190 parte
920 2133 975 2168 ex
1002 2109 1079 2167 illa
1104 2132 1238 2190 quam
1261 2108 1462 2166 Phoebus
1487 2105 1693 2164 habehim·

482 2205 618 2260 Nunc
640 2204 803 2282 quibus
828 2202 1010 2261 hiberni
1033 2201 1282 2259 momentis
1306 2201 1493 2280 surgere
1514 2199 1693 2257 menses

395 2292 626 2372 incipiant
651 2292 679 2373 (
699 2316 853 2372 neque
874 2295 998 2350 enirn
1021 2293 1202 2373 paribus
1226 2315 1308 2372 per
1328 2290 1471 2348 sidera
1497 2290 1654 2348 amesa

392 2385 661 2442 Procedunt
687 2384 900 2463 gradibus
918 2429 931 2451 ‚
958 2383 1078 2443 nivei
1103 2385 1211 2441 dum
1237 2383 1412 2442 vellera
1436 2382 1553 2461 signi

393 2475 718 2556 Confingant,
741 2500 923 2555 aequum
946 2477 1073 2534 luces
1098 2473 1316 2556 cogentia
1340 2473 1389 2531 ὅ(
1411 2474 1589 2531 umbras

390 2568 532 2624 Ferre
558 2567 761 2647 jugum)
789 2590 955 2648 magna
980 2568 1041 2626 est
1068 2567 1182 2625 ratio
1203 2611 1218 2632 ‚
1240 2565 1539 2645 breviterque
1564 2562 1799 2624 docenda.

388 2658 625 2739 Principio
653 2660 874 2740 capienda
896 2660 979 2718 tibi
1003 2662 1065 2720 est
1083 2660 1294 2718 mensura
1316 2658 1411 2716 diei
1427 2704 1442 2725 .,

385 2753 543 2825 Quam
568 2751 798 2810 minimam
818 2749 1132 2830 Capricornus
1153 2749 1277 2830 agit3
1300 2748 1541 2827 noffisque
1565 2769 1647 2826 per
1670 2746 1808 2806 horas

383 2845 538 2915 Quam
564 2844 791 2901 summam.
817 2848 1030 2922 Quoque
1051 2843 1106 2900 ab
1130 2842 1247 2920 justo
1273 2841 1558 2921 superaverit
1578 2841 1769 2911 umbra,

379 2933 439 2986 Et
462 2931 692 3010 crepitent
716 2934 841 2992 luces
860 2978 875 3001 ‚
899 2934 997 3010 ejus
1023 2955 1124 3012 pars
1149 2932 1281 2991 tertia
1304 2932 1438 3013 signo

378 3023 623 3082 Tradenda
645 3025 708 3081 est
731 3025 887 3083 medio
913 3024 1119 3104 semper:
1143 3046 1232 3104 qua
1258 3023 1381 3081 sorte
1404 3042 1576 3083 retenta

372 3112 586 3173 Dimidio
609 3113 759 3174 vincat
787 3114 989 3197 primurn
1007 3159 1023 3185 ‚
1047 3114 1253 3175 vincatur
1278 3115 1327 3175 ἃ
1353 3113 1500 3197 ipsum

1915 584 2023 639 425

1911 1042 2027 1100 ⁴30

1911 1491 2017 1549 435

1904 1944 2019 1992 440

1896 2402 2005 2460 445

1887 2864 2003 2920 450
