2165 3792
447 229 562 310 346
683 228 1136 295 NOTITIA
1205 229 1800 287 LJTERARJA

643 369 775 409 certo
807 358 994 408 delectu
1030 359 1315 421 excerptae.)
1365 359 1423 409 T.
1458 359 1507 409 Π
1549 360 1749 410 AEneida
1782 377 1894 411 cum
1923 379 2042 415 varr.

643 427 774 476 lec‘tt.
811 425 1092 476 &indiculo
1121 428 1232 476 edd.
1272 425 1476 476 breviori
1508 442 1564 476 ac
1596 428 1842 479 mendoso.

449 512 574 564 1779
643 494 904 561 Rasdoerferi
951 494 1140 543 Comm.
1192 494 1252 542 de
1303 484 1643 557 Virgiliolat'ria
1692 496 1941 546 Suinfurti.
1990 513 2037 558 4.

644 577 803 625 progr.
831 561 881 609 in
909 577 1004 624 quo
1036 561 1274 610 summam
1309 563 1412 624 ejus
1443 562 1774 612 auetoritatem
1806 564 2045 628 exemplis

649 628 953 678 demonstrat.

650 698 696 746 ἃ
731 696 854 761 1780
880 695 1126 759 Heyniana
1159 694 1331 744 minor.
1363 695 1415 746 P.
1441 696 1498 745 V.
1533 695 1605 748 M.
1638 696 1825 759 Opera,
1857 696 1906 744 in
1929 698 2047 746 tiro-

641 778 761 812 num
789 764 1019 826 gratiam,
1046 770 1277 824 perpetua
1310 763 1620 812 annotatione
1655 764 1790 812 novis
1823 763 1946 812 curis
1987 762 2045 812 il-

640 829 832 880 lustrata
857 846 883 876 a
907 826 1172 876 Christiano
1196 826 1406 877 Gottlieb
1427 831 1602 894 Heyne.
1641 833 1825 882 Tomus
1849 831 1888 881 I.
1912 829 2042 893 Lips.

644 914 720 961 ap.
754 894 890 958 Casp.
922 893 1122 944 Fritsch.
1149 895 1208 944 T.
1235 895 1312 955 H,
1349 895 1472 960 1780
1496 896 1615 946 ibid.
1644 899 1689 947 8.
1718 899 1833 948 min.
1864 899 2048 951 Textus

644 976 702 1013 ut
736 963 786 1010 in
822 962 1025 1023 majori,
1069 962 1134 1010 est
1183 961 1365 1012 Heinfii
1416 962 1824 1024 Burmannianus,
1857 965 2047 1014 rectiori

643 1030 1030 1093 interpunctione
1071 1028 1192 1091 saepe
1235 1029 1492 1078 distinctus.
1544 1032 1740 1081 Omiffis
1767 1048 1880 1081 vero
1919 1033 2046 1081 notis

646 1098 822 1147 criticis
850 1100 894 1147 δε
918 1097 1187 1145 excursibus
1205 1096 1238 1145 Γ.
1260 1095 1659 1158 disquisitionibus
1684 1100 2047 1150 adnotationem

643 1174 836 1215 tantum
867 1163 1043 1224 habet,
1076 1180 1179 1226 quae
1204 1165 1264 1212 ad
1289 1163 1656 1227 intelligentiam
1686 1167 1908 1216 carminis
1941 1184 2051 1229 per-

644 1234 799 1294 tinet,
838 1232 1046 1282 maxime
1087 1232 1138 1280 in
1184 1232 1300 1282 Buc,
1347 1231 1520 1297 Georg.
1564 1232 1750 1283 felicius
1781 1244 2050 1295 mutatam,

648 1303 911 1366 correctam
943 1303 1241 1364 auctamque.
1429 1358 1431 1361 Α

444 1369 866 1433 ——Rutgerfi
890 1373 1079 1420 Ouwens
1093 1371 1271 1420 Noctes
1291 1369 1520 1432 Haganae.
1545 1368 1867 1432 Franequerae.
1892 1388 1922 1430 4
1938 1369 2055 1420 mai.v

649 1437 702 1488 L.
734 1437 807 1487 III
841 1453 882 1487 c,
923 1455 1033 1504 19--
1049 1454 1110 1503 29
1150 1437 1210 1485 de
1244 1435 1405 1485 multis
1436 1436 1557 1486 locis
1594 1438 1722 1501 Virg.
1754 1436 1976 1500 disputat.

445 1507 1119 1569 --——Opera.perpetuam
1139 1504 1501 1553 adnotationem
1519 1506 1697 1566 adJ'ecit
1717 1505 1864 1555 Henr.
1881 1507 2059 1557 Braun-v

648 1574 708 1623 T.
745 1573 768 1622 I
806 1575 851 1622 δέ
881 1572 928 1621 Π
963 1571 1216 1621 Monachii
1247 1571 1274 1620 8
1296 1608 1310 1632 ,
1348 1589 1374 1620 2
1408 1570 1521 1621 voll.
1577 1572 1745 1622 Editor
1789 1572 1854 1620 est
1884 1571 2049 1633 idem,

647 1641 793 1704 qui&
813 1639 1059 1700 Caesarem,
1080 1639 1179 1689 Cic.
1203 1639 1355 1689 Oratt.
1377 1637 1458 1689 sel.
1483 1638 1626 1688 Corn.
1648 1641 1774 1702 Nep.
1798 1639 2016 1688 Curtium
2035 1676 2053 1700 ,

646 1708 949 1771 Eutropium,
968 1706 1152 1757 Melam
1167 1746 1181 1769 ,
1196 1705 1452 1757 Phaedrum
1466 1745 1480 1767 ,
1503 1705 1777 1757 Sallustium
1791 1745 1805 1767 ,
1825 1707 2057 1757 Tacitum

646 1775 698 1825 in
729 1776 929 1840 gratiam
964 1773 1238 1824 scholarum
1270 1775 1554 1836 Boicarum,
1582 1775 1652 1824 uti
1684 1777 1782 1837 jam
1814 1790 1891 1822 an.
1925 1775 2056 1837 1761!

649 1845 770 1907 Aug.
812 1842 1002 1892 Vindel.
1041 1843 1206 1892 Ovidii
1241 1842 1386 1890 tristia
1421 1858 1534 1890 cum
1561 1842 1694 1891 notis>
1723 1840 2008 1904 publicavit.

649 1910 940 1970 Theocrito,
977 1909 1176 1968 Mosco,
1222 1909 1399 1967 Bione‚
1432 1909 1629 1958 Simmia
1660 1937 1739 1947 —
1768 1923 1950 1971 greco-
1974 1907 2055 1955 la·-

645 1977 737 2027 tini
762 1992 967 2026 -con
1016 1974 1063 2024 la
1103 1974 1331 2026 Bucolica
1374 1975 1423 2022 di
1466 1974 1665 2039 Virgilio
1709 1974 2053 2038 latino-greca

649 2043 906 2111 (Danielis
942 2043 1169 2109 Alswortlz
1212 2044 1310 2102 J‘am
1354 2041 1523 2090 Romae
1574 2058 1698 2107 1594
1741 2042 1916 2103 edita)
1951 2040 2058 2091 vol-

648 2111 874 2177 garizzati
909 2112 954 2159 &
990 2108 1153 2158 forniti
1196 2108 1565 2157 d'Annotazioni
1596 2109 1659 2157 da
1692 2107 1888 2158 Eritisco
1922 2109 2061 2165 Pile-·¹

646 2179 772 2246 nejo,
793 2179 840 2229 P.
863 2178 916 2228 A.
938 2176 1007 2243 (s.
1037 2174 1277 2240 Giuseppe
1310 2174 1467 2225 Maria
1494 2176 1694 2241 Pagnini
1721 2191 1779 2224 ex
1810 2176 1912 2224 ord.
1939 2175 2055 2225 Car-

647 2245 763 2295 mel.
786 2246 807 2306 )
847 2247 1017 2294 Parmae
1051 2259 1109 2292 ex
1133 2253 1321 2307 typogr.
1352 2258 1451 2305 reg.
1477 2260 1543 2304 4,
1565 2261 1592 2291 2
1617 2241 1731 2292 voll.
1770 2243 1951 2293 Textus
1988 2242 2057 2291 est

647 2312 848 2364 Heinfii.
883 2312 1109 2361 Ceterum
1138 2310 1360 2360 verfionis
1385 2308 1490 2359 Ital.
1525 2312 1689 2358 auCtOr
1718 2310 1941 2373 idemque
1972 2326 2058 2358 no-

645 2390 806 2430 tarum
852 2379 1052 2441 scriptor
1097 2378 1165 2427 nil
1215 2379 1416 2442 dignum
1461 2376 1572 2425 tulit
1614 2387 1748 2426 tanto
1798 2377 2051 2441 promifl'or

646 2447 785 2498 hiatu
799 2486 813 2510 ,
834 2447 894 2497 ab
915 2446 1148 2511 elegantia
1169 2449 1213 2496 &
1234 2446 1398 2494 critica
1419 2456 1518 2494 arte
1545 2443 1726 2494 alienus
1743 2484 1758 2507 ‚
1778 2446 1840 2494 cf.
1866 2445 2061 2496 Comm.·

647 2532 739 2565 rer.
773 2531 938 2565 novar.
983 2512 1331 2577 Goettingenses
1369 2513 1528 2562 Germ.
1568 2511 1767 2576 scriptos
1807 2513 1867 2562 de
1909 2512 2054 2562 rebus

649 2583 784 2634 erud.
808 2583 840 2632 Γ.
869 2583 1116 2645 Anzeigen
1161 2582 1280 2645 1781
1301 2618 1316 2642 ‚
1349 2579 1444 2629 vol.
1471 2580 1517 2630 Π
1538 2597 1612 2643 ‚p.
1640 2581 1921 2646 654--656.

447 2654 700 2702 ss-——-&
719 2650 809 2715 178
821 2668 839 2699 1
865 2651 1024 2713 Opera
1040 2658 1269 2714 perpetua
1285 2647 1594 2698 adnotatione
1612 2646 1836 2696 illustrata
1851 2649 1900 2696 in
1914 2647 2053 2699 usum

650 2717 928 2770 scholarum
950 2720 1040 2767 &a
1065 2717 1216 2766 edidit
1240 2715 1312 2767 M.
1330 2716 1429 2776 JaC.
1451 2716 1609 2764 Baden
1643 2721 1805 2780 (nunc
1836 2716 1962 2765 Prof.
2001 2717 2054 2766 in

648 2786 790 2838 Univ.
809 2784 1095 2846 Hafnienfi.)
1126 2784 1330 2835 Hafniae.
1351 2783 1380 2832 8
1393 2783 1503 2832 mai.
1522 2800 1549 2831 2
1568 2782 1681 2831 voll.
1699 2782 1956 2832 Adnotatio
1972 2783 2057 2841 est,

651 2852 932 2902 observante
952 2850 1166 2902 Harlefio
1179 2890 1193 2913 ‚
1211 2851 1462 2914 Heyniana
1476 2888 1490 2910 ,
1509 2850 1685 2898 omiffis
1717 2850 1984 2899 excursibus
2003 2852 2050 2899 &

647 2920 866 2970 lectionis
897 2919 1148 2980 varietate,
1165 2928 1220 2967 ut
1239 2917 1338 2982 ipse
1369 2917 1606 2968 Badenius
1634 2917 1684 2965 in
1706 2918 1834 2980 praef.
1859 2917 2052 2980 profite-

649 2997 755 3036 tur:
782 2987 1022 3036 interdum
1049 2989 1318 3044 contracta,
1343 2985 1587 3034 interdum
1620 2984 1816 3035 dilatata
1846 2983 1915 3032 nil
1947 2984 2053 3032 fere

649 3056 763 3103 novi
801 3053 976 3115 habet,
1011 3054 1095 3102 nisi
1125 3054 1256 3118 quod
1286 3052 1532 3116 aliquoties
1569 3051 1620 3101 in
1654 3053 1827 3116 Georg.
1851 3051 2049 3101 nomina

653 3121 911 3175 herbarum
950 3119 1108 3174 attulit
1151 3120 1372 3175 Danica:
1411 3120 1462 3170 in
1495 3129 1628 3171 textu
1670 3128 1832 3171 autem
1870 3117 2053 3183 aliquot
