2165 3792
691 258 1010 319 VITA.
1197 254 1204 265 '
1477 272 1640 332 '2¹9

43 396 234 454 illec‘lus
253 396 319 479 est
335 416 354 450 .·
377 414 471 452 aut
488 396 716 451 ordinem
740 411 1018 464 temporum
1043 393 1109 473 est
1110 390 1318 464 secutus
1339 411 1454 466 erga
1474 390 1640 444 vitam

43 490 324 543 humanam
343 529 360 555 9
383 505 442 542 ut
458 485 626 560 supra
650 486 890 539 diximus
907 502 928 536 .·
950 501 1042 540 aut
1071 501 1168 537 tres
1193 484 1374 536 modos
1396 480 1640 536 elocutio-

43 600 165 633 num
184 621 203 646 9
236 599 362 653 quos
402 580 727 652 χαρακτῆρας
752 575 922 630 Graeci
944 591 1135 630 vocant
1154 594 1179 639 ;
1213 581 1415 645 ἰσχνὶν,
1446 573 1536 645 qui
1572 588 1640 624 te-

41 671 166 723 nuis
181 712 199 737 ,
225 676 397 744 ἇὲρὶν,
424 668 514 741 qui
534 667 745 721 validus
767 709 786 734 ,
806 673 953 738 μέσον
970 713 984 734 ,
1010 666 1098 738 qui
1121 663 1411 718 moderatus
1444 661 1641 715 intelli-

39 760 190 833 gitur.
223 759 467 814 Credibile
488 775 594 812 erat
619 759 899 832 Virgilium
920 799 940 824 9
963 757 1052 830 qui
1082 757 1138 809 in
1164 754 1307 809 omni
1324 772 1495 826 genere
1509 770 1642 823 prce-

39 855 260 908 valuerit
273 896 293 922 9
326 852 580 908 Bucolica
602 854 836 926 primum
853 895 872 920 9
903 851 1153 925 Georgica
1163 847 1451 922 secundum
1469 887 1489 913 9
1530 843 1645 898 AE-

39 944 195 997 neida
215 945 416 998 tertium
435 940 649 1020 voluzffi
670 942 987 1017 conscribere.
1011 945 1129 996 Aut
1152 941 1265 994 ideo
1278 940 1460 1012 potius
1466 939 1646 1011 primo

40 1035 295 1090 Bucolica
304 1035 518 1115 firipsit
527 1078 546 1107 9
572 1055 631 1091 ut
652 1038 708 1091 in
735 1035 991 1110 ejusmodi
1013 1035 1235 1089 carmine
1248 1075 1268 1100 9
1287 1031 1427 1107 quod
1445 1027 1646 1104 &pau-

39 1130 91 1181 lo
114 1121 322 1182 [iberius
340 1170 359 1195 9
383 1122 437 1181 δ’
457 1130 627 1202 magis
650 1129 888 1183 validum
907 1171 927 1196 9
949 1147 1105 1201 quam
1128 1143 1283 1180 cetera
1300 1166 1320 1191 9
1350 1123 1418 1204 est
1431 1164 1447 1192 9
1460 1120 1644 1193 facul-

37 1234 190 1271 tatem
212 1217 410 1272 lzaberet
430 1218 697 1291 captandae
721 1217 933 1292 Caefizris
955 1217 1287 1292 indulgentiae
1309 1256 1326 1283 9
1349 1234 1644 1286 recuperan-

40 1305 189 1376 dique
220 1306 334 1378 agri
353 1345 370 1373 9
394 1327 535 1378 quem
567 1304 822 1378 amiserat.
861 1306 946 1360 Ob
972 1304 1108 1359 lianc
1135 1301 1346 1375 causam
1381 1302 1461 1354 die
1499 1300 1645 1354 tertio

39 1393 232 1446 Iduum
257 1395 573 1457 Martiarum
600 1396 656 1449 C.
687 1394 872 1470 Caefizre
895 1391 1148 1465 interfeflo
1169 1434 1186 1461 9
1211 1412 1324 1446 cum
1347 1393 1405 1443 A
1410 1389 1644 1470 ugustum

44 1482 286 1556 Caefizrem
317 1507 464 1558 paene
488 1507 707 1559 puerum
744 1489 967 1542 veterani
1003 1486 1193 1540 milites
1212 1526 1229 1553 9
1258 1505 1366 1537 non
1396 1483 1646 1536 abnuente

42 1574 238 1628 Senatu
255 1617 274 1642 9
281 1574 393 1652 fibi
431 1577 608 1629 ducem
646 1572 1045 1655 constituiſj'ent9
1079 1594 1255 1630 exorto
1291 1576 1420 1630 bello
1458 1574 1646 1639 civili,

44 1667 396 1741 Cremonenses
448 1689 560 1723 cum
604 1670 773 1723 ceteris
819 1666 1041 1742 ejusdem
1071 1669 1242 1750 studii
1267 1710 1284 1737 9
1323 1665 1646 1739 adversarios

42 1761 268 1841 Augusti
302 1760 514 1834 Caesaris
537 1758 864 1830 adjuverunt.
891 1761 1045 1814 Unde
1054 1758 1260 1831 fac‘lum
1296 1758 1362 1838 est
1377 1775 1508 1829 ,yut9
1531 1777 1646 1810 cum

39 1850 202 1906 vic‘lor
221 1850 494 1932 Augustus
526 1853 584 1906 in
609 1873 781 1906 eorum
805 1871 958 1926 agros
983 1870 1245 1908 veteranos
1270 1852 1453 1919 deduci
1467 1847 1648 1926 juffist

25 1941 143 2016 set,
165 1966 270 1998 non
287 1943 577 2022 sufficiente
602 1964 727 2019 agro
751 1942 1189 2024 Cremonensium,
1213 1944 1505 1998 Mantuani
1521 1962 1645 2015 quo-

40 2057 131 2107 que
147 2077 164 2104 9
182 2038 239 2090 in
254 2037 436 2110 quibus
459 2055 567 2099 erat
594 2037 850 2110 Virgilius
865 2080 883 2105 9
909 2039 1202 2091 maximam
1216 2055 1419 2110 partem
1425 2034 1646 2109 sitorum

38 2127 224 2199 finium
238 2129 561 2201 perdiderint
579 2171 599 2197 9
623 2151 679 2183 eo
716 2126 857 2201 quod
883 2131 1049 2183 vicini
1085 2126 1500 2206 Cremonenstbus
1518 2125 1648 2198 fue-

43 2235 175 2273 rant.
206 2219 313 2273 Sed
335 2220 592 2295 Virgilius
613 2218 834 2300 Augusti
843 2218 1218 2291 familiaritate
1230 2218 1428 2292 fitoque
1459 2219 1646 2271 carmi-

40 2327 104 2360 ne
123 2303 293 2377 fretus
311 2349 328 2376 9
355 2310 650 2366 Centurioni
674 2310 838 2365 Arrio
871 2308 1088 2391 obststere
1118 2308 1276 2386 ausus
1308 2308 1387 2389 est.
1418 2309 1512 2362 Ille
1527 2305 1645 2384 sta·

41 2402 136 2455 tim
157 2445 174 2469 9
199 2420 259 2456 ut
274 2404 421 2457 miles
439 2444 457 2472 9
488 2405 563 2456 ad
588 2403 824 2477 gladium
843 2425 1059 2458 manum
1080 2404 1330 2458 admovit.
1361 2403 1577 2474 Cumque
1581 2399 1646 2473 st,

43 2498 101 2552 in
109 2493 302 2571 fugam
318 2491 650 2574 proripuiſjet
656 2516 812 2569 poeta
834 2539 850 2566 9
881 2519 987 2551 non
991 2497 1152 2571 prius
1169 2493 1500 2569 persequendi
1506 2495 1648 2565 finis

24 2588 175 2663 ficit,
197 2611 351 2664 quam
372 2588 435 2662 se
452 2591 509 2644 in
524 2589 759 2667 fluvium
780 2591 1038 2665 Virgilius
1060 2584 1354 2666 conjeczffit.
1389 2588 1496 2642 Sed
1506 2588 1644 2669 post-

45 2703 101 2734 ea
124 2725 141 2749 ,
178 2683 450 2737 Maecenate
469 2722 488 2750 9
521 2676 574 2736 G*
609 2679 882 2752 Pollione,
916 2677 970 2737 δ’
999 2677 1112 2753 ipso
1146 2678 1377 2760 Augusto
1400 2678 1645 2752 faventia

42 2774 134 2830 bus
155 2814 171 2841 9
195 2793 346 2849 agros
352 2772 484 2847 sitos
515 2774 709 2848 recepit.

122 2920 325 2978 XXIII.
367 2923 593 2980 Intentio
628 2927 778 2994 libri,
806 2947 959 3000 quarn
1000 2938 1179 2985 σκοπὸν
1209 2926 1374 2982 Grceci
1415 2945 1644 2996 vocant9

45 3013 331 3070 imitatione
363 3014 618 3070 Theocriti
636 3018 797 3089 poet'ae
832 3015 1154 3097 constituitur
1164 3061 1183 3087 9
1212 3019 1296 3091 qui
1320 3019 1530 3072 Siculus
1546 3062 1564 3086 9
1592 3015 1644 3073 δ’

39 3103 406 3184 ,Syracusanus
413 3104 543 3178 fuit.
567 3107 664 3188 Est
684 3110 899 3165 intentio
925 3110 1079 3165 etiam
1104 3110 1162 3164 in
1181 3110 1382 3165 laudem
1410 3109 1644 3183 Cajfitfzssffj
