2165 3792
450 217 566 290 264
689 214 1138 274 NoTJTJA
1206 214 1801 271 LJTERARJA

443 368 722 431 parergon
740 392 758 421 ‚
785 369 834 407 c,
869 349 956 407 16.
988 346 1104 427 sqq.
1133 348 1226 407 De
1245 346 1559 405 imitatione
1580 346 1811 426 Virgilii
1839 347 2054 405 Home-2

443 440 557 497 rica
589 451 790 515 praeter
810 436 952 497 alios
983 437 1251 517 legendus
1284 437 1619 496 Vincentius
1643 436 1937 508 Gravina‚
1960 437 2054 495 vir

441 528 823 602 acufiffimns,
849 526 1058 607 scripto
1104 528 1172 586 de
1202 527 1425 586 ratione
1457 528 1710 607 poetica,
1748 528 1905 606 quod
1935 528 2051 585 Ita-

443 618 552 676 lice
596 632 723 676 ante
759 638 974 696 paucos
1010 639 1190 676 annos
1228 618 1399 677 edidit
1445 617 1541 677 lib.
1587 642 1631 676 1.
1674 637 1797 697 pag.
1839 619 1933 695 96.
1974 615 2055 695 sq.

443 713 641 769 Franc.
695 709 999 790 Fragvierii
1056 709 1356 768 differtatio
1403 709 1605 768 inserta
1641 712 1835 769 Tomo
1881 708 2056 766 tertio

444 800 844 859 memoriarum
879 797 1197 856 Academiae
1236 798 1472 858 Gallicae
1501 799 1906 879 elegantiorum
1927 796 2057 856 lite-

443 910 637 949 rarum
661 913 715 969 p.
753 891 880 963 184.
908 888 984 967 sq.
1008 890 1113 966 sur
1144 895 1200 947 la
1234 895 1457 948 maniere
1490 895 1620 949 dont
1658 894 1856 969 Virgile
1878 914 1912 948 a
1936 893 2055 948 imi·
2122 946 2128 949 .

445 982 498 1039 τέ
528 985 766 1039 Homere.
791 981 926 1038 Non
952 980 1020 1038 ab
1044 1000 1103 1037 re
1126 980 1453 1058 graeczffimus
1477 979 1652 1038 dietus
1675 981 1918 1039 Pontico
1947 976 2056 1035 Vi-

446 1073 618 1130 runio
643 1071 698 1128 in
727 1068 1200 1129 declarationibus
1224 1071 1294 1126 ad
1311 1069 1551 1130 Guarini
1576 1085 1880 1128 erotemata
1896 1072 2057 1130 Grae-

449 1184 532 1223 cae
553 1162 761 1243 linguae
787 1205 806 1235 ‚
833 1161 908 1221 fic
936 1177 998 1219 ut
1020 1159 1373 1220 eruditorum
1407 1150 1620 1237 judicio
1647 1160 1811 1217 Maro
1834 1160 1899 1218 fit

517 1334 706 1385 Ascraeo
733 1334 883 1401 major
899 1373 918 1395 ,
936 1333 1091 1385 Siculo
1128 1346 1146 1374 1
1177 1337 1327 1385 minor
1343 1374 1358 1398 ,
1376 1347 1522 1403 aequet
1537 1335 1814 1384 Homerum.

450 1502 711 1559 Homero
755 1498 921 1557 etiam
962 1495 1191 1576 praefert
1226 1497 1401 1557 Andr.
1451 1497 1682 1556 Baccius
1736 1496 1831 1557 lib.
1869 1500 1950 1555 IV
1993 1497 2061 1557 de

451 1591 604 1652 vinis
630 1589 992 1669 antiquorum
1016 1609 1066 1647 c.
1092 1588 1194 1647 ult.
1227 1591 1288 1649 &
1320 1588 1518 1647 Claud.
1543 1586 1792 1645 Peraltus
1816 1587 1873 1644 in
1904 1608 2061 1646 com-

451 1681 745 1761 paratione
794 1698 1055 1739 veterum
1108 1679 1466 1760 ingeniorum
1519 1700 1647 1737 cum
1701 1679 2063 1752 recentibus,

455 1772 672 1832 Gallice
706 1772 852 1831 edita
875 1816 893 1845 ‚
931 1785 1099 1851 atque
1139 1786 1266 1831 ante
1311 1769 1578 1850 utrosque
1615 1768 1863 1849 Angelus
1903 1769 2061 1829 Poli-

454 1862 634 1921 tianus
674 1862 733 1920 in
773 1861 1076 1921 Nutricia:

523 2052 767 2104 Proximus
781 2053 882 2101 huic
900 2049 1136 2118 (Homero)
1154 2066 1304 2099 autem
1321 2088 1336 2108 ,
1351 2049 1425 2099 vel
1446 2051 1492 2097 ni
1513 2049 1773 2099 veneranda
1792 2049 1992 2101 vetustas

525 2128 795 2187 Obstiterit‚
820 2126 999 2176 fortaffe
1030 2129 1151 2193 prior
1171 2165 1185 2186 ,
1221 2130 1338 2174 canit
1370 2144 1494 2175 arma
1527 2129 1767 2195 virumque

526 2208 772 2275 Virgilius..
798 2208 868 2256 cui
896 2224 995 2254 rure
1025 2205 1105 2255 suo
1126 2243 1141 2263 ,
1161 2207 1231 2252 cui
1262 2207 1467 2270 gramine
1497 2204 1624 2253 sacro

526 2288 737 2338 Ascraeus
757 2326 772 2349 2
793 2286 1049 2354 Siculusque
1078 2284 1207 2336 fimul
1235 2285 1398 2335 cessere
1426 2285 1646 2335 volentes.

569 2468 814 2523 Centones
858 2461 1185 2536 Virgilianos
1236 2471 1512 2514 memorat
1565 2456 1947 2518 Tertullianus
1995 2459 2065 2519 de

464 2550 772 2634 praescript.
799 2569 915 2626 cap.
936 2568 1026 2625 39.
1058 2548 1220 2603 Vides
1241 2547 1391 2601 hodie
1412 2569 1479 2602 ex
1496 2549 1722 2623 Virgilio
1733 2547 1984 2620 fabula-m
2005 2554 2064 2607 in

465 2668 629 2705 totum
663 2647 829 2700 aliam
859 2641 1096 2715 componi
1121 2680 1139 2709 ‚
1170 2641 1385 2694 materia
1397 2637 1682 2712 fiscannium
1706 2641 1910 2713 versia,
1949 2664 2064 2699 ver-

451 2738 603 2819 fibus
618 2735 904 2811 secundum
936 2732 1204 2787 materiam
1239 2728 1582 2783 concinnatis.
1618 2730 1862 2803 Denique
1900 2728 2066 2805 Hosi-

469 2829 587 2883 dius
623 2826 755 2882 Geta
787 2820 1027 2879 Medeam
1061 2818 1366 2894 tragoediam
1395 2824 1418 2852 2
1446 2838 1513 2871 ex
1543 2820 1603 2873 V
1596 2818 1768 2893 irgilio
1776 2816 2064 2898 pleniffime

543 3006 861 3057 1.Theocrito.
885 3002 962 3054 Cf.
994 2998 1235 3071 Menagia-
1309 3063 1320 3074 ι
1379 3019 1405 3049 2
1434 3000 1759 3069 Fragmentum
1786 3001 1954 3069 insigne
1977 2983 2065 3050 hu-

473 3091 530 3126 na
556 3075 617 3128 T.
644 3076 731 3127 IV.
759 3094 804 3142 p.
837 3073 941 3129 166.
1308 3072 1625 3140 justragoediae
1651 3071 1792 3120 edidit
1815 3071 1865 3122 P.
1886 3069 2067 3127 Scrive÷
