2165 3792
341 229 361 267 ·-
457 227 598 283 DE
662 226 729 281 P.
800 217 1321 278 VJRGJLJO.
1573 232 1687 296 345

98 369 220 425 1773
297 355 534 416 Walclzii‚
566 353 693 419 Prof.
727 352 772 402 &
813 350 949 400 Rea.
992 350 1182 412 Gymn..
1209 344 1594 409 Schleufingani,
1630 344 1692 393 de

296 439 353 471 eo
381 424 509 485 quod
534 422 736 469 nimium
755 417 820 465 est
842 417 893 464 in
920 416 1189 465 imitatione
1217 415 1419 465 Homeri
1433 411 1692 478 'Virgiliana

294 491 550 539 meletema
579 488 808 535 criticum.
841 482 1136 545 Schleufing.
1169 501 1215 543 4.

94 569 222 624 1774
289 558 338 608 P.
353 559 412 608 V.
428 558 498 607 M.
525 557 651 617 Opp.
672 553 723 600 in
750 553 866 600 duas
887 562 1044 614 partes
1060 543 1332 608 distributa,
1350 565 1409 598 ex
1422 548 1693 598 recensione

87 1522 214 1575 ¹775

295 627 340 676 ἃ
357 640 468 672 cum
485 619 967 671 animadversionibus
984 618 1242 667 Burmanni
1256 619 1375 682 Lipſs
1393 617 1439 665 P.
1456 616 1477 666 I
1493 619 1535 665 &
1551 616 1597 666 H
1613 632 1692 679 ap.

294 690 467 753 Georgi
486 689 531 738 8.
570 706 597 737 2
621 686 733 738 voll.
764 687 925 737 Editio
951 685 1082 734 nullo
1108 685 1235 734 facta
1265 682 1458 732 consilio
1481 687 1525 732 Sc
1552 682 1694 745 plane

290 757 472 807 inutilis
487 795 501 817 ‚
515 772 659 818 quam
680 755 862 803 curavit
883 755 958 814 Jo.
978 753 1148 816 Georg.
1165 752 1293 801 Frid.
1313 752 1458 816 Franz
1480 752 1530 802 A.
1547 752 1597 799 L.
1616 750 1691 800 M.

290 825 343 876 P.
364 825 400 874 I.
422 823 705 886 praemissam
721 822 867 871 habet
882 823 930 872 P.
946 820 1206 870 Burmanni
1230 818 1361 883 praef.
1388 818 1448 866 de
1465 818 1540 866 ed.
1567 816 1696 867 Mas·

290 892 384 941 vic,
412 892 550 940 Notae
583 890 869 948 Burmanni,
898 888 1070 952 quibus
1110 890 1213 949 ejus
1259 901 1440 935 nomen
1476 901 1575 932 non
1609 884 1694 933 ad-

293 958 524 1021 scriptum
575 958 702 1017 fuit,
739 957 1069 1020 imprudenter
1108 954 1286 1003 ornifl'ae
1328 952 1436 1001 sunt
1477 952 1538 1001 ad
1583 953 1695 1004 AEn.

289 1025 345 1077 L.
378 1026 469 1075 VII
505 1024 684 1088 usque,
714 1027 759 1075 δε
790 1024 874 1073 ubi
905 1025 1069 1073 Burni.
1110 1031 1236 1070 notae
1268 1020 1445 1083 absque
1482 1019 1696 1082 superio-

289 1109 400 1141 rum
452 1093 693 1141 editorum
738 1089 1066 1141 animadverff.
1121 1105 1291 1152 parum
1340 1085 1698 1150 intelligantur,

294 1160 502 1209 aliorum
527 1160 846 1224 interpretum
878 1156 1230 1207 observationes
1259 1156 1525 1203 contrachs
1561 1153 1698 1202 dedit

293 1230 516 1294 Franzius
533 1248 554 1288 ,·
579 1243 733 1290 neque
766 1227 819 1275 id
854 1235 1018 1275 tamen
1050 1223 1302 1286 diligenter
1323 1225 1367 1272 δέ
1388 1220 1566 1283 ubique
1594 1221 1697 1269 fac-

289 1304 411 1344 tum.
464 1295 662 1344 Mendis
696 1310 888 1357 quoque
923 1293 1105 1341 scatent
1136 1290 1329 1352 omnia,¹
1353 1287 1614 1351 praesertim
1645 1288 1698 1336 in

290 1363 450 1420 notis,
479 1362 687 1411 maxime
715 1362 776 1409 in·
800 1361 987 1411 GraeciS.
1032 1359 1257 1408 Franzius
1301 1356 1446 1405 etiam
1482 1356 1696 1404 indicem

290 1429 518 1493 Erythraei
553 1429 846 1489 breviorem,
873 1428 956 1476 sed
990 1427 1187 1476 brevem
1215 1424 1358 1473 nimis
1391 1423 1589 1485 adjecit.

292 1506 450 1570 Chph.
486 1507 652 1559 W'ilh.
700 1507 885 1558 Christi.
928 1507 1234 1573 Heerwagen,
1260 1503 1478 1554 Rectoris
1521 1501 1698 1551 scholae

273 1574 542 1645 ‘Culmbao
578 1592 738 1639 progr.
787 1578 899 1639 Qua:
929 1575 1035 1622 mihi
1071 1574 1229 1642 legenti
1259 1570 1475 1625 Silenum
1510 1567 1695 1635 Virgilii

275 1643 472 1710 salivam
505 1645 748 1692 movebant.
783 1641 1054 1692 Culmbaci.
1074 1660 1122 1703 4.

90 1721 216 1793 1776
287 1720 362 1780 Jo.
413 1721 642 1768 Schraderi
686 1719 828 1769 Liber
873 1719 1285 1768 emendationum.
1336 1716 1612 1767 Leovardiae
1647 1728 1700 1779 4.·

80 1879 107 1925 ,¹
116 1881 214 1930 777

90 2139 216 2207 1778

287 1789 432 1836 etiam
466 1787 516 1834 in
548 1785 714 1836 Culice
744 1789 789 1836 &
816 1786 911 1836 Ciri
938 1786 1231 1848 corrigendis
1264 1783 1443 1834 multus
1469 1786 1548 1837 est.

284 1863 458 1914 Gottfr.
475 1861 641 1912 Christ.
661 1863 930 1910 Haberland
950 1861 1207 1924 specimen
1223 1861 1698 1912 Animadversionum

284 1931 336 1980 in
370 1928 625 1990 Bucolica,
652 1929 939 1990 adjunctum
971 1928 1147 1991 scripto
1174 1948 1185 1978 ε
1224 1927 1298 1976 De
1326 1926 1521 1976 confilio
1543 1928 1699 1978 Hora-

286 1999 368 2125 tJii‚
396 1999 492 2047 Od.
518 1996 601 2044 lib.
633 1996 732 2056 ΠΙ,
761 1996 863 2046 Od.
892 2013 936 2063 3.
971 1996 1258 2056 Conjeetum
1297 2009 1410 2043 cum
1442 1996 1581 2059 SpeC.
1606 1998 1698 2049 &c-

319 2080 433 2113 enae.
469 2081 516 2124 4.

289 2141 448 2202 Opera
471 2156 530 2188 ex
565 2154 660 2187 τες.
683 2138 732 2188 P.
751 2138 1010 2187 Burmanni.
1042 2138 1156 2188 Ace.
1182 2137 1385 2201 Maphei
1403 2138 1549 2202 Vegii
1575 2139 1701 2189 Lau-

291 2208 443 2324 dengs
472 2205 876 2271 Supplementum
914 2204 1017 2256 XII
1043 2203 1278 2255 librorum
1306 2205 1413 2255 AEn.
1444 2207 1699 2255 Wircebur-

285 2294 550 2404 {ln-Abu
570 2352 746 2418 Kriegel
771 2367 921 2415 germ.
948 2349 1170 2401 Francos.
1201 2365 1256 2399 ac
1287 2347 1411 2413 Lips.
1442 2348 1488 2399 8.
1513 2350 1572 2400 Et
1591 2349 1700 2400 haee<

292 2431 477 2470 textum
509 2420 919 2470 Burmannianum
962 2418 1181 2481 expreffit
1212 2434 1269 2466 ex
1296 2416 1423 2481 Lips.
1455 2435 1598 2483 1774.

290 2499 418 2562 Virg.
441 2499 601 2561 Opera
636 2513 694 2546 ex
731 2512 825 2546 rec,
857 2497 1052 2563 Heynii.
1078 2494 1384 2559 Norimberg.
1415 2512 1492 2560 ap.
1524 2496 1698 2560 Riege.

289 2565 424 2615 lium.
468 2566 513 2615 8.
544 2565 657 2614 min.
687 2564 720 2614 s.
749 2565 890 2614 notis.

85 2635 365 2686 ‘e---—M.
394 2634 555 2696 Opera
587 2633 646 2682 T.
683 2632 706 2682 I
740 2635 785 2682 δε
811 2632 859 2682 II
894 2630 1174 2681 Mannhemii
1205 2646 1316 2680 cura
1348 2632 1394 2681 ὃς
1423 2629 1696 2695 sumptibus

293 2701 544 2752 Societatis
578 2699 808 2749 litteratae.
861 2699 892 2748 8
932 2699 1047 2749 min.
1079 2699 1137 2748 T.
1173 2698 1196 2748 I
1226 2699 1330 2761 post
1360 2698 1492 2762 praef.
1532 2700 1592 2747 ad
1625 2696 1694 2746 bi-

292 2768 617 2832 bliopolarum
648 2769 849 2816 modum
877 2766 1099 2830 scriptam
1132 2768 1176 2816 ὃς
1205 2767 1354 2815 vitam
1377 2766 1505 2829 Virg.
1530 2766 1697 2816 Dona-

291 2845 344 2884 to
378 2836 664 2899 adscriptam
695 2836 841 2885 etiam
873 2833 1005 2883 illam
1029 2833 1101 2882 sui
1135 2834 1250 2896 juris
1283 2834 1427 2894 fecit,
1457 2850 1601 2896 quam
1623 2832 1694 2884 ill.

293 2903 512 2967 Heynius
546 2920 630 2967 per
667 2919 816 2953 annos
858 2902 1086 2965 digestam
1134 2900 1342 2965 scripsit,
1381 2902 1694 2964 continetque

295 2971 407 3020 dein
431 2971 543 3020 Rue.
580 2972 749 3032 Georg.
794 2974 839 3021 δε
873 2986 931 3019 ex
963 2968 1216 3033 Opusculis
1249 2968 1496 3030 Culicem,
1529 2969 1693 3026 Cirin‚

295 3039 492 3087 tandem
527 3038 768 3089 Catalee‘ta
805 3041 849 3088 δε
877 3038 1137 3088 Moretum.
1184 3036 1240 3087 In
1281 3036 1376 3086 fine
1411 3035 1519 3085 sunt
1549 3037 1692 3087 variae

291 3105 522 3161 lectiones
548 3106 858 3159 notabiliores
893 3113 991 3175 (ex
1026 3106 1278 3170 Heyniana
1303 3104 1527 3156 varietate
1552 3103 1691 3155 nullo
