2165 3792
414 217 541 276 ηο·
851 195 933 250 Μ.
1006 196 1089 251 M
1120 196 1187 250 xA
1228 195 1294 250 N
1330 195 1360 249 ι
1403 193 1525 251 ι’]
1559 194 1593 251 1

398 329 635 394 Partibus3
657 344 706 385 ut
731 324 850 385 ratio
875 324 1015 406 fignis
1038 327 1228 384 ducatur
1245 326 1302 384 ab
1324 323 1416 383 illis
1436 369 1452 393 ‚

400 422 449 477 In
474 440 578 498 quae
602 416 803 474 Phoebus
829 414 946 482 erit·;
970 439 1167 496 quorum
1194 415 1305 473 mihi
1331 413 1508 473 reddita
1531 414 1701 473 summa
1728 415 1807 476 est.

402 512 493 570 Sed
520 531 672 588 neque
701 531 784 588 per
807 527 949 565 terras
972 531 1139 565 ornnes
1167 507 1381 565 mensura
1403 506 1586 565 dierum

405 599 777 678 Umbrarumque
798 598 963 655 eadem
988 600 1050 656 est
1067 643 1084 666 .,
1110 598 1242 656 fimili
1269 621 1355 656 nec
1375 621 1589 678 tempora
1609 598 1743 658 cursu

404 693 672 748 Mutantur:
696 689 863 746 modus
883 688 948 746 est
973 689 1123 746 varius
1148 689 1325 747 ratione
1351 690 1432 748 sub
1452 712 1555 748 una.
1629 687 1639 710 ²

408 784 653 861 Nunquam
673 778 888 858 Phryxaei
909 779 1136 837 ducuntur
1156 780 1329 838 vellera
1353 779 1466 861 {igni
1480 825 1496 848 ‚

410 872 754 949 Chelarumque
789 869 902 926 fides
923 913 938 936 ‚
962 870 1185 948 justaeque
1210 871 1417 928 examina
1441 870 1588 928 Librae
1610 896 1629 940 ;

413 961 584 1021 Omnia
606 960 895 1039 consurgunt
915 957 1046 1016 binas
1078 958 1109 1016 si
1134 957 1259 1040 signa
1279 982 1364 1039 per
1389 961 1557 1020 horas:

416 1053 566 1129 Quod
591 1050 768 1109 medius
791 1050 920 1108 reE‘co
947 1050 1244 1131 praecingitur
1272 1050 1438 1108 ordine
1461 1054 1654 1111 mundus
1671 1097 1690 1121 a

416 1142 714 1224 AEqualisque
738 1141 874 1222 super
898 1141 1201 1199 transversum
1224 1141 1417 1199 vertitu-r
1440 1165 1585 1201 axem.

418 1238 514 1297 Illis
535 1254 762 1317 perpetua
784 1236 1038 1315 junguntur
1061 1258 1174 1315 pace
1197 1234 1359 1292 diebus

422 1329 648 1388 Obscurae
673 1328 862 1386 noetes:
891 1351 1032 1407 aequo
1058 1329 1136 1385 stat
1161 1328 1341 1385 foedere
1363 1345 1542 1407 tempus
1558 1371 1576 1397 ‚

425 1425 528 1479 Nec
551 1418 784 1477 manifesta
807 1436 933 1497 patet
954 1418 1050 1476 falsi
1074 1419 1249 1476 fallacia
1273 1418 1432 1475 mundi
1448 1462 1465 1486 ‚

430 1517 533 1572 Nec
555 1511 708 1569 similis
733 1510 865 1569 simili
889 1530 993 1570 toto
1018 1537 1112 1571 nox
1138 1512 1344 1570 redditur
1366 1536 1493 1573 aeVO.

432 1604 659 1664 Omnibus
679 1624 921 1661 autumnus
943 1603 1080 1684 signis
1096 1649 1111 1670 .,
1131 1628 1211 1662 ver
1237 1604 1451 1662 omnibus
1472 1627 1651 1672 unum;

435 1700 538 1753 Una
566 1694 697 1773 quod
722 1692 887 1772 aequali
908 1693 1115 1750 lustratur
1137 1693 1260 1751 linea
1281 1694 1479 1752 Phoebo,

434 1790 538 1844 Nec
557 1783 698 1843 refert
715 1805 821 1841 tunc
838 1827 854 1850 ‚
879 1807 974 1862 quo
999 1784 1197 1842 Phoebus
1220 1785 1429 1843 decurrat
1452 1785 1498 1842 in
1521 1786 1635 1843 astro
1655 1809 1671 1852 3

433 1878 734 1935 Litoreumne
758 1894 930 1953 coquat
954 1877 1186 1932 Cancrum
1204 1920 1219 1942 ,
1244 1897 1465 1934 contrane
1488 1876 1689 1943 feratur;

437 1964 673 2025 Sideribus
699 1964 891 2033 medii5‚
913 1987 970 2022 an
993 1987 1095 2044 quae
1120 1965 1206 2023 fint
1227 1985 1423 2045 qua-tuor
1449 1965 1583 2023 inter.

439 2059 591 2135 Quod
607 2102 622 2124 ‚
645 2078 905 2136 quanquam
928 2078 1012 2135 per
1037 2076 1128 2113 tres
1146 2055 1380 2137 {ignorum
1405 2056 1602 2114 circulus
1623 2077 1756 2114 arcus

442 2149 676 2228 Obliquus
698 2148 873 2226 jaceat,
894 2147 1023 2206 reRO
1049 2167 1199 2205 tamen
1223 2147 1390 2207 ordine
1409 2150 1555 2204 Zonae

446 2240 777 2320 Consurgunt,
798 2238 1025 2318 supraque
1047 2258 1184 2318 caput
1209 2238 1441 2317 terrasque
1465 2238 1706 2305 feruntur·,

446 2335 503 2390 Et
525 2331 706 2411 paribus
729 2329 879 2409 spatiis
899 2351 983 2408 per
1005 2328 1176 2409 singula
1203 2330 1336 2386 lustra
1360 2329 1633 2409 resurgunt:

442 2432 514 2483 Ac
537 2423 658 2480 bene
683 2420 834 2479 diviso
860 2421 1055 2477 mundus
1077 2421 1185 2478 latet
1208 2419 1324 2478 orbe
1351 2438 1586 2499 patetque.

447 2519 509 2574 At
528 2514 657 2571 simul
676 2537 734 2572 ex
756 2512 835 2570 illa
856 2532 1076 2570 terrarum
1099 2532 1229 2593 parte
1251 2513 1438 2570 recedas
1453 2556 1469 2580 ,

446 2603 694 2684 Quidquid
715 2604 769 2661 ab
790 2622 998 2661 extremo
1020 2621 1161 2659 temet
1181 2600 1469 2681 praeverterit
1491 2622 1609 2669 axe,

446 2701 533 2755 Per
555 2718 766 2753 convexa
788 2694 966 2752 trahens
991 2693 1187 2773 gressum
1208 2692 1382 2771 fastigia
1408 2711 1574 2760 terrae,

447 2790 602 2861 Quam
628 2785 761 2842 tereti
787 2804 942 2842 natura
966 2783 1072 2841 solo
1097 2782 1349 2840 decutiunt
1372 2783 1534 2841 orbem

449 2881 501 2934 Iu
528 2875 751 2933 tumidum
775 2918 790 2941 .,
811 2875 862 2931 δι
887 2872 1082 2931 mediam
1103 2875 1280 2930 mundo
1303 2867 1534 2952 suspendit
1558 2873 1613 2931 ab
1637 2873 1793 2932 omui:

447 2970 576 3044 Ergo
601 2966 677 3022 ubi
702 2963 982 3022 conscendes
1005 2964 1169 3020 orbem
1187 3007 1202 3030 ‚
1224 2963 1509 3041 stridensque
1530 2963 1779 3023 rotundum

453 3057 755 3140 Digrediere:
782 3055 913 3115 stmul
932 3054 1081 3141 fugiet
1101 3079 1201 3136 pars
1221 3056 1362 3115 altera
1382 3076 1515 3116 terrae
1532 3102 1546 3125 ,

1902 438 2022 492 300

1915 893 2024 951 305

1923 1348 2038 1401 310

1931 1806 2038 1859 315

1936 2260 2048 2314 320

1939 2713 2046 2768 325
