2165 3792
568 181 617 239 ΓΙ,
659 185 693 238 Ι
733 180 784 239 Β
827 184 882 238 E
920 179 974 238 R
1055 186 1103 241 I.
1580 198 1662 261 77

56 320 115 376 Et
137 317 244 396 juga
268 314 515 372 Chelarum
537 313 694 372 medio
720 312 962 371 volitantia
988 335 1134 393 gyro:
1163 326 1167 329 ’

57 414 411 486 Extremamque
433 406 583 463 secans
606 407 810 485 Hydram
833 406 1132 485 mediumque
1158 405 1240 463 sub
1263 406 1385 465 astris
1535 416 1575 467 -6
1592 426 1659 469 ιο·

62 506 342 559 Centaurum
363 543 377 566 ‚
402 498 613 556 adversus
636 497 872 556 concurrit
891 498 1039 556 rursus
1063 498 1107 556 in
1126 522 1210 557 axe
1226 543 1243 567 ‚

63 597 122 650 Et
142 592 258 650 redit
281 591 326 648 in
343 591 522 647 -eoelum
541 617 556 657 ·,
578 590 910 669 squamosaque
934 610 1122 670 tergora
1142 590 1246 648 Ceti
1264 634 1282 657 ‚

61 685 371 765 Lanigerique
399 704 531 743 notat
552 683 663 740 fines
682 729 697 751 ‚
719 684 986 761 clarumque
1006 682 1270 762 Trigonum
1288 728 1306 752 ‚

63 777 468 854 Andromedaeque
495 775 613 833 sinus
636 775 755 832 imos
774 820 789 846 ,
811 774 983 852 fastigia
1006 773 1190 841 matri5‚

63 867 436 945 Principiumque
460 866 589 922 suum
614 865 816 944 repetito
839 864 1025 922 cardine
1051 864 1237 923 claudit.
1554 872 1592 925 -6
1608 888 1627 924 1
1643 888 1675 946 ς·

67 958 200 1016 Alter
223 958 266 1015 in
289 958 411 1016 hunc
431 957 635 1015 medium
659 958 978 1036 summumque
1003 956 1229 1016 incumbit
1251 958 1295 1016 in
1319 978 1486 1028 ax-em5

68 1055 248 1131 Perque
271 1053 414 1132 pedes
440 1052 614 1132 primos
639 1052 866 1112 cervicem
891 1051 1045 1110 tranfit
1068 1052 1116 1111 δί
1133 1054 1266 1112 Ursae
1286 1098 1302 1120 ,
1642 1077 1666 1108 ο

69 1148 226 1221 Quam
246 1145 419 1224 septem
443 1145 584 1203 stellae
605 1145 797 1225 primam
817 1189 831 1211 ‚
857 1145 946 1221 jam
972 1146 1084 1203 Sole
1111 1166 1297 1205 remoto
1317 1191 1333 1215 ‚

71 1239 341 1296 Producunt
360 1283 375 1305 .,
401 1238 544 1317 nigrae
569 1238 854 1316 praebentem
880 1235 1049 1294 lumina
1076 1236 1227 1294 noffi:

76 1332 136 1387 Et
160 1329 372 1387 Geminis
397 1333 625 1387 Cancrum
648 1329 852 1394 dirimit,
874 1328 1145 1408 stringitque
1171 1329 1440 1410 flagrantem
1566 1339 1600 1391 6
1610 1350 1683 1394 20‘

80 1424 182 1478 Ore
206 1423 383 1478 Canem
401 1467 416 1489 ,
444 1422 737 1499 (ἰῒεινυῐῃῳιε
761 1420 868 1477 ratis
888 1463 902 1488 ‚
926 1443 1028 1498 quae
1053 1420 1221 1480 vicerat
1243 1445 1420 1502 aequor⁰

80 1513 193 1568 Inde
214 1533 346 1569 axem
372 1512 608 1569 occultum
626 1534 714 1590 per
738 1512 841 1590 gyri
863 1511 988 1590 signa
1009 1511 1179 1590 prioris

83 1603 393 1669 Transversa3
416 1622 557 1681 atque
581 1603 675 1660 alio
698 1602 847 1659 rursus
870 1603 928 1659 de
952 1601 1100 1659 limite
1120 1603 1267 1683 tangit

83 1697 155 1752 Te
173 1736 188 1759 ,
215 1691 507 1772 Capricorne
524 1737 540 1760 ‚
563 1692 743 1772 tuisque
772 1692 983 1771 Aquilam
1004 1693 1212 1773 designat
1231 1696 1288 1753 ab
1309 1696 1463 1764 astris;

83 1789 265 1862 Perque
288 1788 450 1862 Lyram
475 1784 698 1842 inversam
724 1805 910 1841 currens
927 1825 942 1849 5
964 1783 1198 1863 spirasque
1222 1787 1450 1846 Draconis
1466 1833 1481 1855 ,
1574 1799 1643 1849 62
1660 1811 1691 1873 5¹·

83 1874 343 1932 Posteriora
369 1876 537 1954 pedum
558 1874 822 1954 Cynosurae
847 1874 1045 1954 proterit
1064 1874 1202 1942 astra;

86 1966 499 2046 Transversamque
522 1967 644 2024 secat
669 1966 826 2024 vicino
853 1966 1038 2024 cardine
1062 1969 1266 2025 caudam.

89 2057 178 2116 Hic
199 2057 365 2115 iterum
391 2057 489 2117 coit
511 2057 608 2138 ipse
631 2056 747 2125 fibi,
769 2080 951 2115 memor
973 2059 1098 2116 unde
1121 2057 1372 2137 professus,

175 2152 325 2227 Atque
347 2148 444 2205 haec
467 2168 639 2206 aeterna
659 2148 858 2206 fixerunt
881 2168 1094 2228 tempora
1121 2148 1230 2207 sede
1247 2192 1263 2217 a·

95 2241 303 2298 Immotis
325 2264 407 2321 per
428 2240 554 2319 signa
576 2241 726 2298 modis
747 2239 941 2299 statione
963 2242 1176 2321 perenni.
1581 2256 1698 2321 63⁰

99 2335 201 2389 Hos
221 2334 437 2390 volucres
461 2333 616 2390 secere
638 2333 782 2390 duos:
809 2357 1007 2413 namque
1028 2336 1142 2392 alter
1160 2336 1217 2393 ab
1238 2336 1332 2416 ipsa

98 2421 403 2500 Consurgens
427 2420 591 2478 Helice
607 2464 621 2487 .,
648 2422 1080 2500 mediumvpraecidit
1106 2426 1397 2505 Olympum,

98 2507 421 2589 Discernitque
446 2511 567 2568 diem
588 2556 602 2577 ‚
626 2511 893 2591 sextamque
919 2515 1149 2572 examinat
1173 2516 1334 2578 horam
1349 2564 1369 2594 ,

100 2603 159 2658 Et
183 2601 364 2680 paribus
387 2601 539 2682 spatiis
566 2602 754 2659 occasus
776 2603 922 2660 cernit
945 2605 993 2662 ἃ
1017 2624 1161 2662 ortus·

101 2691 188 2749 Hic
210 2713 353 2750 mutat
375 2716 457 2770 per
480 2691 606 2771 signa
631 2693 784 2751 vices:
815 2694 889 2751 seu
915 2694 944 2751 si
972 2697 1071 2775 quis
1097 2700 1257 2765 Eoos,
1587 2713 1652 2782 63
1671 2724 1704 2785 ς·

105 2785 195 2839 Seu
218 2783 336 2862 petit
359 2784 607 2864 Hesperios
623 2829 638 2851 .,
664 2785 794 2864 supra
818 2787 862 2844 se
885 2786 1073 2845 circinat
1096 2790 1256 2847 orbem

105 2873 366 2931 Verticibus
393 2874 528 2952 super
547 2876 762 2933 astantem
779 2920 793 2943 ‚
817 2877 1112 2958 mediumque
1135 2879 1361 2942 secantem

109 2965 299 3022 Coelum
320 3009 333 3032 ,
354 2965 575 3024 &diviso
605 2966 856 3047 signantem
879 2968 1054 3026 lumine
1077 2973 1316 3030 mundum:

109 3057 322 3136 Cumque
345 3057 463 3117 loco
483 3077 616 3116 terrae
639 3060 903 3139 coelumque
929 3060 978 3120 ἃ
1003 3080 1212 3141 tempora
1237 3083 1393 3124 musar„
