2165 3792
483 217 567 295 ‘9⁸0
923 212 1657 284 M.MANJL1J

484 347 544 401 Et
565 344 654 421 jam
678 343 856 402 confufi
881 365 1068 404 manant
1091 348 1150 406 de
1171 348 1380 407 fontibus
1400 373 1589 418 amnes;

484 433 587 489 Nec
612 432 797 512 capiunt
819 433 1021 492 haustum
1038 478 1052 500 ‚
1072 436 1342 515 turbamque
1368 439 1424 494 ad
1449 437 1569 496 sacra
1593 455 1821 498 ruentem

482 526 666 603 Integra
689 547 942 604 quaeramus
965 545 1173 584 rorantes
1195 546 1319 607 prata
1341 551 1425 607 per
1449 528 1609 587 herbas
1623 574 1639 598 ‚

481 616 760 697 Undamque
791 620 988 677 occultis
1013 618 1313 678 meditantem
1336 643 1535 679 murmur
1555 622 1603 679 in
1624 623 1762 682 antris
1777 649 1805 693 3.

482 712 638 786 Quam
661 734 812 791 neque
839 713 1003 771 durato
1033 712 1254 789 gustarint
1276 737 1359 772 ore
1384 715 1637 785 volucre5‚

481 801 586 879 Ipse
605 825 690 859 nec
713 803 923 862 aethereo
943 803 1145 861 Phoebus
1167 803 1381 862 libaverit
1403 805 1516 885 igni.

483 893 652 950 Nostra
675 894 872 972 loquar:
900 893 1014 950 nulli
1037 915 1194 951 vatum
1216 895 1489 954 debebimus
1513 919 1622 955 orat

483 988 588 1044 Nec
612 987 814 1053 furtum,
838 980 918 1044 sed
945 1009 1063 1066 opus
1085 986 1275 1054 v3eniet
1298 989 1499 1067 [oloque
1523 989 1748 1046 volamus

482 1085 536 1139 In
561 1082 733 1140 coelum
758 1105 920 1140 curru:
947 1083 1140 1162 propria
1166 1101 1260 1139 rate
1284 1082 1503 1160 pellimus
1528 1085 1687 1141 undas.

483 1174 699 1252 Namque
722 1196 879 1232 canam
905 1173 1042 1232 tacita
1070 1193 1241 1233 naturae
1265 1193 1419 1231 mente
1441 1194 1688 1253 potentem
1708 1219 1734 1244 ,

483 1264 779 1344 Infusumque
805 1270 956 1322 Deum
978 1264 1107 1322 coelo
1133 1263 1358 1342 terrisque
1382 1263 1632 1341 fretoque,

485 1358 733 1435 Ingentem
757 1358 922 1435 aequali
946 1357 1266 1416 moderantem
1287 1356 1467 1413 foedere
1488 1356 1694 1414 molem:

487 1450 759 1527 Totumque
783 1449 968 1506 alterno
991 1447 1223 1507 consensu
1247 1447 1410 1505 vivere
1436 1447 1657 1505 mundum
1674 1490 1697 1515 ,γ

487 1538 549 1593 Et
569 1535 763 1594 rat-ionis
784 1539 858 1617 agi
886 1558 1047 1597 motu:
1072 1561 1176 1596 cum
1203 1537 1387 1617 spiritus
1412 1560 1530 1594 unus

487 1632 576 1685 Per
602 1628 781 1686 cunfiias
805 1628 979 1687 habitet
999 1651 1152 1710 partes
1174 1674 1188 1696 ‚
1212 1649 1350 1708 atque
1377 1628 1539 1706 irriget
1562 1630 1730 1686 orbem.

491 1717 658 1774 Omnia
681 1718 1002 1797 pervolitans,
1027 1720 1294 1799 corpusque
1320 1718 1518 1778 animale
1546 1719 1733 1798 figuren

488 1810 638 1883 Quod
666 1808 745 1866 nifi
774 1811 986 1889 cognatis
1009 1813 1224 1869 membris
1247 1830 1466 1869 contexta
1489 1830 1695 1869 maneret

488 1898 709 1956 Machina
727 1943 742 1965 ‚
765 1899 814 1957 ὃ(
839 1899 1061 1980 imposito
1086 1922 1269 1982 pareret
1293 1921 1393 1960 tota
1418 1900 1634 1980 magistro
1654 1946 1677 1969 ,γ

488 1994 560 2048 Ac
585 2008 757 2047 tantum
780 1991 942 2070 mundi
970 2013 1158 2072 regeret
1184 1992 1424 2072 prudentia
1451 1990 1662 2058 sensum;

490 2083 602 2138 Non
629 2080 737 2138 esset
762 2080 895 2140 statio
922 2083 1054 2140 terris
1074 2129 1088 2151 ‚
1114 2107 1211 2141 non
1238 2082 1436 2140 ambitus
1456 2082 1608 2140 astris:

488 2175 797 2251 Haereretque
816 2196 958 2254 vagus
983 2175 1179 2232 mundus
1200 2217 1215 2240 ‚
1242 2175 1501 2253 standoque
1523 2175 1726 2254 rigeretz»
1770 2211 1772 2214 >

489 2266 592 2323 Nec
618 2263 691 2322 sua
713 2264 963 2344 dispofitos
988 2266 1223 2323 servarent
1246 2265 1388 2322 fidera
1412 2264 1567 2321 cursus
1585 2309 1601 2331 ‚

489 2359 664 2414 Noxve
685 2356 859 2412 alterna
882 2355 1005 2415 diem
1029 2356 1245 2435 fugeret,
1271 2356 1540 2434 rursumque
1565 2354 1773 2432 fugaretz

490 2451 604 2506 Non
629 2447 796 2504 imbres
820 2447 998 2504 alerent
1019 2466 1159 2511 terras
1179 2490 1192 2513 ,
1220 2470 1316 2504 non
1342 2447 1512 2505 aethera
1528 2446 1665 2504 venti
1685 2492 1702 2514 ‚

489 2543 593 2598 Nec
616 2558 788 2620 pontus
818 2538 1028 2618 gravidas
1054 2527 1198 2597 nubes
1215 2583 1228 2606 ,
1257 2562 1343 2596 nec
1365 2538 1556 2596 flumina
1580 2557 1779 2618 pontum
1797 2579 1814 2604 ‚

490 2634 595 2687 Nec
619 2631 811 2710 pelagus
834 2629 1018 2688 fontes:
1041 2653 1126 2688 nec
1147 2631 1278 2688 staret
1301 2629 1470 2685 summa
1494 2652 1577 2707 per
1603 2649 1772 2687 omnes.

492 2726 597 2778 'Pars
622 2722 805 2801 semper
827 2740 979 2800 partes
1003 2743 1143 2799 aequo
1167 2720 1338 2798 digesta
1363 2739 1554 2797 parente
1574 2745 1585 2774 :

493 2817 558 2868 Ut
582 2836 733 2891 neque
754 2814 1008 2870 deficerent
1034 2811 1171 2867 undae
1188 2855 1201 2877 ‚
1228 2833 1314 2868 nec
1339 2810 1483 2867 fidera
1508 2808 1643 2867 nobis
1662 2854 1680 2878 ‚

494 2906 596 2960 Nec
617 2905 789 2962 coelum
813 2905 930 2982 justo
955 2904 1158 2982 majusve
1182 2902 1392 2960 minusve
1417 2901 1614 2960 volaret.

494 3001 661 3056 Motus
686 2997 797 3064 alit,
825 3020 920 3055 non
943 3016 1083 3054 mutat
1108 3019 1241 3076 opus.
1268 2995 1343 3052 Sic
1370 2994 1522 3054 omnia
1541 3012 1647 3052 toto

492 3084 766 3166 Dispensata
790 3104 978 3144 manent
996 3086 1170 3145 mundo
1191 3131 1208 3156 ‚
1230 3084 1563 3163 dominumque
1584 3083 1852 3163 sequuntur,

2029 735 2093 793 55

2027 1181 2102 1234 60

2031 2997 2105 3050 850
