2165 3792
547 211 759 266 LJB
804 213 954 266 ER
1035 214 1151 269 JV„
1563 232 1675 290 ηε

76 337 411 416 E-xceduntque
434 339 516 396 suo
543 338 761 396 Phoebeia
785 362 995 419 tempora
1019 342 1139 399 casu.
1183 373 1187 376 ²

76 434 232 506 Atque
257 428 334 486 ubi
360 428 612 510 perfestum
634 429 696 484 est
719 428 909 504 spatium
927 473 941 493 ‚
970 430 1097 491 quod
1122 430 1290 515 cuique
1311 433 1520 504 dicatur,'

70 518 421 600 Impleruntque
445 519 550 577 suos
573 539 696 579 certa
716 517 910 577 statione
936 519 1118 579 labores

71 609 182 666 Bina
210 634 293 690 per
313 611 546 670 adversum
571 610 746 669 coelum
767 610 994 691 fulgentia
1014 611 1176 693 figna·‚
1563 626 1678 680 860

70 705 189 758 Tum
216 702 364 759 vicina
385 702 536 762 labant
557 700 660 783 ipsis
681 702 898 763 haerentia
916 703 1041 783 figna
1059 749 1076 775 ‚

73 795 197 868 Quae
222 791 344 872 prius
366 792 410 850 in
434 814 573 850 terras
597 796 787 851 veniunt
805 840 819 861 ‚
848 796 1082 874 terrasque
1107 795 1402 877 relinquuntz

72 884 269 942 Sidereo
296 907 390 942 non
416 907 465 942 ur
490 906 666 965 pugnet
693 887 944 943 contrarius
970 888 1127 956 orbi53

73 972 164 1033 Sed
181 1018 195 1038 ,
218 997 306 1053 qua
328 974 518 1032 muudus
538 973 635 1053 agit
658 977 810 1033 cursus
830 1021 847 1049 ‚
869 977 1057 1036 inclinat
1079 979 1128 1038 ὅ(
1151 979 1246 1059 ipse
1264 1024 1281 1048 ‚

71 1065 351 1144 Amiffasque
377 1086 512 1146 negat
537 1065 656 1125 vires
675 1093 690 1134 3
714 1090 798 1125 uec
819 1091 1009 1127 munera
1031 1088 1151 1128 tanta
1169 1114 1185 1139 ‚
1569 1080 1643 1135 86
1656 1096 1680 1153 ς
1726 1118 1732 1123 -

73 1161 176 1217 Nec
199 1159 362 1220 slmiles
387 1160 537 1219 reddit
563 1183 724 1221 noxas.
751 1165 901 1220 Locus
925 1163 1081 1222 omnia
1107 1163 1263 1223 vertit.

156 1254 246 1311 Sed
270 1253 380 1332 quid
409 1275 495 1310 tam
516 1253 640 1314 tenui
665 1255 850 1333 prodest
874 1254 1058 1313 ratione
1083 1255 1304 1314 nitentem

74 1345 274 1404 Scrutari
299 1345 515 1404 mundum
532 1389 546 1411 ,
569 1344 599 1401 fi
621 1367 747 1401 mens
775 1344 848 1402 sua
877 1346 1041 1425 cuique
1063 1360 1322 1426 repugnat3

75 1442 310 1517 Spemque
334 1438 473 1495 timor
496 1435 658 1503 tollit,
683 1436 997 1515 prohibetque
1020 1461 1043 1496 a
1063 1436 1222 1495 limine
1247 1437 1392 1496 coeli?

74 1530 255 1586 Condit
276 1527 400 1585 enim
425 1549 585 1584 verum
607 1527 729 1584 vasto
758 1545 915 1584 natura
937 1527 1110 1585 receffu
1128 1571 1146 1598 ‚
1570 1534 1686 1600 87⁷0

73 1620 396 1698 Mortalesque
419 1617 608 1675 hebetat
631 1616 781 1683 visus,
806 1616 855 1675 &
882 1617 1072 1697 peciora
1097 1617 1275 1676 nostrat

72 1714 175 1768 Nec
199 1710 414 1790 prodeffe
444 1708 595 1787 potest
613 1752 629 1777 ,
651 1708 779 1787 quod
800 1708 903 1767 fatis
929 1709 1089 1767 cun&
1111 1723 1365 1790 regunturg

75 1806 196 1861 Cum
217 1802 357 1859 fatum
388 1801 511 1859 nulla
535 1800 669 1880 poflit
691 1799 872 1859 ratione
896 1800 1059 1859 videri.

8 1923 12 1928 ⁹
71 1893 205 1968 Quid
228 1895 353 1970 juvat
375 1892 422 1950 in
449 1892 593 1949 semet
615 1891 689 1950 sua
711 1913 795 1971 per
815 1891 1030 1951 convicia
1052 1892 1195 1952 ferri?

72 1987 131 2041 Et
154 1983 361 2042 fraudare
382 1982 521 2042 bonis
539 2027 553 2049 ‚
577 2004 680 2062 quae
706 2005 793 2040 nec
815 1987 942 2041 Deus
966 1983 1146 2072 invidet
1167 1984 1302 2064 ipse?
1570 1989 1680 2059 875

68 2075 304 2154 Quosque
326 2075 455 2134 dedit
479 2096 632 2132 natura
648 2118 663 2141 ‚
682 2073 851 2133 oculos
873 2075 1117 2155 deponere
1141 2076 1340 2134 mentis?

70 2167 373 2248 Perspicimus
398 2170 599 2227 coelum:
628 2192 709 2226 cur
732 2190 829 2226 non
856 2168 905 2227 Sc
926 2191 1115 2227 munera
1141 2161 1283 2227 coeffi?

74 2261 260 2334 Quanta
278 2279 322 2317 at
343 2282 444 2338 pars
470 2259 671 2340 superest
695 2260 920 2318 rationem
945 2260 1122 2318 discere
1146 2259 1324 2329 nostin

71 2355 219 2429 Inque
242 2351 368 2429 ipsos
394 2350 576 2430 penitus
600 2349 754 2408 mundi
780 2350 1061 2408 descendere
1087 2350 1280 2418 census;

74 2440 428 2521 Seminibusque
454 2440 540 2499 suis
565 2460 734 2499 tantam
758 2462 1050 2520 componere
1072 2441 1283 2508 molem;
1569 2447 1686 2501 883

73 2534 132 2589 Et
154 2551 331 2611 partum
355 2531 465 2590 coeli
487 2533 562 2590 sua
584 2553 666 2610 per
690 2529 871 2588 nutritia
890 2530 1038 2597 ferre3

75 2626 435 2704 Extremumque
460 2622 588 2703 sequi
612 2642 809 2702 pontum
826 2666 843 2689 .,
867 2640 1096 2700 terraeque
1119 2620 1269 2679 subire

75 2719 325 2778 Pendentis
350 2719 513 2777 tractus
531 2763 546 2786 ‚
569 2718 618 2777 &
640 2737 747 2776 toto
773 2717 929 2775 vivere
952 2714 1000 2773 in
1023 2715 1173 2774 orbe?

75 2812 169 2868 lam
190 2808 408 2888 nusquam
432 2826 587 2866 natura
609 2807 747 2865 latete
772 2804 1055 2885 pervidimus
1080 2825 1267 2861 omnem
1283 2848 1300 2872 ,

74 2901 132 2956 Et
156 2919 294 2978 capto
317 2897 521 2979 potimur
542 2898 718 2956 mundo
738 2943 753 2965 ‚
776 2896 1070 2976 nostrumque
1091 2915 1323 2975 parentem
1565 2901 1676 2974 885

73 2995 180 3049 Pars
202 2991 277 3048 sua
302 2989 601 3070 perspicimus
619 3036 635 3059 .,
658 2988 899 3070 genitique
920 2987 1176 3047 accedimus
1197 2988 1338 3046 astris,

27 3114 46 3140 s
77 3089 150 3143 An
175 3082 447 3166 dubium‘est
467 3081 668 3144 habitare
689 3087 842 3143 Deum
866 3082 949 3142 sub
973 3082 1164 3164 pestore
1188 3079 1380 3140 nostro?
