2165 3792
472 235 588 299 254
711 218 1163 275 NOTITIA
1216 183 1788 279 LJTE'RARJA

467 370 594 406 eum
625 347 780 405 fuiss'e
810 348 1081 427 professus
1105 397 1123 423 ,
1153 353 1306 411 addit
1330 367 1512 410 morte
1537 368 1864 432 praematura
1883 353 2065 434 impe--¹

466 437 646 495 ditum
671 482 687 509 ‚
718 458 837 496 non
874 439 1115 516 potuiffe
1140 486 1156 514 ‚
1192 463 1315 521 quae
1360 444 1763 516 inchoaverat,
1801 444 2066 502 consum-

465 548 637 586 mare.
663 528 910 588 Ovidius
935 533 1047 604 IV,
1080 535 1165 592 16.
1193 554 1222 592 e
1249 535 1437 593 Ponto
1463 557 1476 593 ε
1506 538 1708 614 Quique
1743 541 1886 595 dedit
1912 540 2068 594 Latio

465 644 668 678 carmen
697 628 862 700 regale
883 627 1116 683 Severus.

554 806 605 843 2.
663 791 893 844 Cornelii·
926 792 1100 845 Severi
1131 809 1353 845 carmen
1380 834 1399 860 ,
1438 789 1555 848 five
1599 789 1970 870 fragmentum
2008 796 2071 850 itt·

466 899 632 933 necem
677 882 759 933 M.
809 879 975 933 Tullii
1018 881 1274 935 Ciceronis
1300 922 1317 948 ‚
1361 900 1431 936 ex
1478 883 1558 939 M.
1601 881 1803 938 Annaei
1843 883 2068 940 Senecae

468 964 723 1023 Suasoria
750 967 870 1023 VII.
912 967 1043 1024 Hoc
1081 968 1143 1025 ὃς
1176 966 1422 1045 superius
1445 971 1640 1028 Severi
1678 991 1902 1029 carmen
1940 992 2069 1030 cum

468 1055 756 1135 perspicua
779 1057 1248 1135 interpretatione
1273 1062 1333 1118 δέ
1357 1060 1586 1119 eruditis
1606 1063 1757 1121 notis
1778 1064 2037 1143 Scaligeri
2051 1108 2070 1136 ‚

468 1149 873 1228 Lindenbrogii
896 1194 912 1222 ‚
949 1149 1162 1229 suisque
1185 1196 1201 1223 ,
1233 1152 1297 1210 ὃς
1332 1152 1516 1211 indice
1540 1152 1824 1232 separatim
1857 1157 2030 1214 edidit
2052 1202 2073 1230 ‚

467 1242 532 1298 δε
555 1238 658 1297 alia
679 1239 935 1318 quaedam
959 1239 1156 1297 Severi
1179 1239 1487 1319 fragmenta
1509 1287 1526 1314 ‚
1560 1242 1708 1301 Petri
1734 1243 1865 1301 item
1887 1248 2074 1303 Bembi

469 1337 698 1392 AEttzam
732 1330 896 1409 prosa
932 1330 1104 1389 latina
1128 1332 1395 1412 scriptum
1429 1333 1683 1412 adjunxit
1706 1334 1927 1393 Theod.
1951 1337 2076 1393 Go-

468 1422 817 1505 rallus,s1ve
850 1422 947 1500 qui
981 1421 1078 1479 sub
1103 1422 1216 1482 hoc
1248 1423 1481 1483 nomine
1506 1424 1639 1484 latet
1657 1426 1743 1484 J0.
1774 1424 2027 1485 Clericus
2051 1470 2072 1500 ‚

468 1515 872 1575 Amstelodami
907 1535 1073 1593 1702.
1106 1515 1158 1574 8.

555 1712 606 1768 3.
645 1696 905 1750 Moretum
930 1736 947 1765 ‚
972 1691 1133 1770 quod
1156 1690 1401 1771 Virgilio
1439 1690 1539 1770 ipsi
1563 1690 1870 1751 adscribere
1898 1693 2074 1773 aliqui

468 1805 618 1843 cum.
641 1783 702 1841 Is.
725 1783 924 1841 Voffio
948 1804 1068 1841 non
1096 1783 1356 1841 dubitant
1373 1828 1389 1854 ‚
1414 1784 1476 1842 δέ
1498 1783 1861 1841 Parthenium
1886 1786 1939 1841 N
1945 1785 2074 1842 icae-
2119 1788 2127 1794 ’

470 1898 610 1935 num
637 1890 862 1955 poetam
899 1877 1165 1932 Graecum
1208 1874 1267 1930 in
1305 1874 1406 1931 illo
1436 1874 1710 1932 imitatum
1738 1875 1842 1932 effe
1879 1874 2072 1934 obser-

469 1983 629 2029 vant.
654 1971 731 2026 A.
752 1971 1002 2044 Septimio
1019 1973 1203 2024 Severo
1224 1965 1349 2043 post
1369 1965 1704 2044 Scaligerum
1718 2012 1734 2038 ‚
1761 1968 2072 2043 Barthium‚

473 2058 722 2138 aliosque
765 2058 960 2116 tribuit
1002 2057 1086 2116 Jo.
1126 2061 1198 2115 W
1194 2062 1411 2135 eiqim,
1453 2057 1550 2135 qui
1585 2058 1735 2115 notis
1775 2058 2073 2120 illustravit

470 2149 732 2212 Francos.
766 2151 914 2224 1642
932 2193 949 2221 ‚
978 2148 1028 2207 8.
1054 2147 1123 2205 ad
1142 2149 1351 2207 calcem
1379 2149 1578 2228 Copae.
1601 2152 1859 2208 Moretum
1881 2196 1896 2223 ‚
1922 2152 2073 2232 ldyl-

469 2242 612 2300 lium
641 2244 820 2300 Suevii
842 2256 1028 2317 poetae
1054 2239 1266 2315 (quem
1288 2238 1480 2297 virum
1511 2238 1679 2318 longe
1705 2238 2074 2304 dociifiimum

470 2346 650 2393 vocat
673 2377 692 2404 ,
731 2332 795 2389 δι
838 2330 1146 2389 verficulos
1182 2327 1451 2408 quosdam
1489 2351 1560 2387 ex
1595 2350 1665 2388 eo
1700 2329 1898 2403 affert,
1942 2333 2071 2390 Ma·
2150 2371 2152 2374 v

471 2422 702 2485 crobius
733 2421 828 2479 lib.
858 2441 908 2478 2.
943 2417 1209 2478 Saturnal.
1238 2439 1285 2478 c.
1312 2441 1364 2497 9.
1393 2420 1715 2478 emendatos
1753 2441 1783 2478 a
1805 2420 2074 2482 Salmafio

473 2513 543 2573 ad
566 2511 741 2571 Solin.
771 2532 824 2589 p.
850 2511 976 2591 598.
1002 2510 1131 2567 edit.
1157 2502 1362 2587 Parisss)
1391 2509 1669 2568 diversum
1696 2509 1772 2568 est
1797 2532 1828 2567 a
1854 2518 2071 2587 Morem,
2142 2542 2146 2544 >

471 2605 634 2686 quod
656 2605 857 2684 legitur
891 2604 1034 2662 inter
1056 2602 1282 2681 Virgilii
1302 2602 1611 2676 Catale&a‚
1639 2603 1904 2684 quodque
1937 2606 2071 2664 Sca-

474 2699 612 2777 liger
631 2696 827 2756 tribuit
849 2701 927 2754 A.
955 2699 1206 2771 Septimio
1237 2697 1420 2751 Sereno
1441 2739 1458 2767 ,
1483 2709 1667 2773 poetae
1696 2692 1906 2754 Falisco
1930 2741 1946 2768 ‚
1971 2697 2072 2776 qui

476 2790 946 2869 Vespafianorum
972 2803 1127 2845 aetate
1153 2787 1331 2859 vixit,
1371 2789 1433 2845 &
1458 2809 1486 2844 a
1510 2787 1853 2846 Terentiano
1884 2786 2068 2846 subin-

477 2883 545 2940 de
573 2882 823 2940 laudatur
845 2881 1037 2938 auctor
1058 2884 1191 2938 ruris
1219 2880 1573 2955 opusculormn
1590 2902 1610 2937 .·
1637 2879 1702 2937 de
1727 2899 1846 2958 quo
1873 2879 2067 2938 viden·=
2155 2944 2158 2945 ⁷

477 2973 581 3030 dus
606 2973 933 3030 Sirmondus
969 2973 1035 3029 ad
1068 2969 1285 3028 Sidonii
1322 2969 1626 3048 Epistolam
1662 2970 1897 3032 carmini
1930 2970 2066 3027 XIV

478 3063 804 3142 praemissam
830 3066 898 3124 T.
924 3065 983 3139 Ι,
1006 3083 1127 3142 pag.
1165 3082 1328 3138 1249.
