2165 3792
466 207 610 262 DE
668 206 738 262 P.
796 202 1332 263 mammo.
1577 220 1700 283 34³

294 349 404 384 rum
434 335 611 398 peritus
639 334 784 382 etiam
808 341 948 380 notas
977 334 1020 381 Sc
1041 349 1160 382 varr.
1191 333 1477 397 conscripfit.
1509 334 1703 386 Tomus

298 402 324 452 I
351 415 579 466 praeterea
623 399 770 449 habet
810 399 960 447 vitam
1002 399 1216 463 Virgilii,
1249 417 1351 463 quae
1384 402 1575 451 Donato
1613 402 1704 450 tri..

297 468 490 529 buitur,
525 467 750 528 illamque
774 481 801 514 a
831 465 977 515 Ruaeo
1002 464 1237 528 scriptam.
1264 468 1375 517 Diff.
1408 470 1458 518 in
1479 469 1699 531 ejusdem

295 535 358 586 T.
383 536 405 586 1
431 537 587 597 capite
618 532 727 583 sunt
755 532 822 580 dev
842 535 1197 594 comparatione
1236 534 1418 597 Virgilii
1453 539 1498 586 δι
1533 536 1700 587 Theo-

299 603 406 651 criti
430 602 568 664 super
586 598 752 661 Eclipfi
779 598 897 648 solis.
917 599 1021 662 post
1049 600 1239 649 Caesaris
1268 615 1471 650 mortem
1490 642 1502 663 ,
1520 604 1702 667 Georg.

298 669 362 730 I,
380 668 477 730 466
505 667 602 729 sqq.
631 684 657 716 a
692 665 911 718 Liberato
949 667 1130 731 Taffimo
1165 667 1362 730 scripta:
1400 669 1496 728 Jos.
1532 671 1694 721 Maur.

294 736 460 802 Pujati
488 733 625 796 super
657 732 767 782 loco
803 735 974 797 Georg.
1003 734 1054 794 Ι,
1083 734 1180 802 489
1215 734 1323 797 sqq..
1360 736 1547 785 AEneidi
1578 755 1704 800 prae..

294 802 390 852 fixa
420 801 485 851 est
515 799 818 864 alphabetica
842 802 1152 850 enarratio&
1188 801 1439 865 descriptio
1474 803 1699 856 locorum

295 867 476 928 Italiae,
513 884 718 931 quorum
765 868 946 918 mentio
987 869 1113 918 facta
1143 868 1209 917 est
1250 885 1278 918 a
1317 870 1526 933 Virgilio
1582 874 1699 923 Ant,

297 936 513 1002 Ambrogi
537 934 649 984 Diff.
691 934 842 985 brevis
873 936 933 985 de
968 936 1179 984 adventu
1208 936 1369 988 AEneae
1396 939 1445 985 in
1474 937 1660 988 Italiam
1675 975 1703 1000 „

297 1018 445 1065 quem
495 1018 610 1052 cum
645 1001 742 1065 ipse
778 1002 1024 1063 defendit,
1053 1001 1280 1053 Bocharti
1315 1004 1705 1055 dubitationibus

296 1069 580 1132 respondet,
620 1069 751 1119 nulla
798 1069 973 1134 Ryckii
1015 1071 1260 1120 mentione
1302 1071 1442 1122 sacta.
1506 1073 1696 1123 Insertae

298 1137 445 1186 etiam
468 1136 576 1186 sunt
593 1136 760 1199 passim
784 1136 948 1199 figurae
977 1137 1038 1185 ad
1070 1153 1140 1186 res
1160 1136 1454 1188 illustrandas
1486 1156 1511 1187 e
1539 1141 1706 1191 codd.

300 1204 541 1267 antiquis,
575 1221 680 1253 non⁴
719 1205 866 1254 modo
908 1202 1207 1266 virgilianis,
1255 1204 1336 1254 sed
1379 1209 1424 1255 ἃ
1470 1206 1587 1256 aliis.

368 1273 456 1321 An.
480 1289 603 1335 1744
631 1273 674 1320 ὃς
704 1287 829 1335 1745..
845 1272 1178 1320 commentarii
1203 1288 1359 1321 rerum
1390 1289 1621 1323 novarum
1643 1273 1697 1324 in

298 1353 401 1401 rep.
449 1337 569 1388 liter.
616 1338 874 1401 Lipfienses
903 1338 1146 1388 vernaculi
1190 1339 1507 1401 nuntiabant,
1547 1342 1707 1405 virgi„

297 1402 353 1453 lii
388 1405 602 1455 universa
634 1406 844 1456 carmina
873 1407 933 1456 ad
961 1406 1115 1456 Codd.
1149 1406 1330 1457 Medic.
1362 1408 1514 1457 VatiC.
1553 1408 1702 1457 alios-

300 1489 396 1536 que
439 1472 782 1535 antiquiffimos
823 1477 987 1523 exacta
1032 1475 1163 1537 apud
1205 1473 1468 1537 Josephum
1512 1476 1703 1540 Rigacci

301 1548 488 1603 typogr.
517 1540 768 1590 Florentiae
792 1539 875 1590 sub
896 1540 1031 1604 prelo
1056 1541 1178 1601 effe3
1201 1558 1302 1604 quae
1328 1553 1494 1591 utrum
1515 1543 1704 1592 ibidem

302 1607 447 1656 fuerit
469 1608 708 1670 perfecffa,
740 1624 801 1657 an
831 1609 1043 1659 Romam
1075 1607 1232 1658 delata
1268 1624 1380 1659 cum
1410 1609 1707 1674 Ambrogiaff

303 1691 366 1724 na
402 1674 494 1724 hac
517 1675 571 1724 fit
606 1676 808 1736 eadem,
844 1675 1094 1726 nescimus.

105 1740 231 1808 1766
300 1743 653 1809 Birminglzamiae
693 1743 818 1806 typis
863 1744 939 1804 10.
966 1743 1266 1794 Basketville.
1304 1744 1355 1796 8.
1394 1746 1597 1810 repetita
1636 1745 1707 1796 est.

306 1825 508 1873 operum
539 1810 687 1858 editio
713 1826 788 1858 an.
826 1826 966 1875 1757.

308 1892 350 1924 c.
391 1876 504 1926 Abr.
548 1877 757 1942 Kriegelii
784 1877 912 1925 notis
950 1892 1096 1939 germ.
1134 1877 1348 1927 Berolini.
1378 1878 1426 1928 8.

105 1942 234 2009 1767
302 1944 552 2008 Heyniana
587 1945 776 2004 major:
806 1944 853 1995 P.
890 1943 946 1993 V.
976 1943 1048 1994 M.
1083 1943 1246 2006 Opera
1277 1945 1504 1996 varietate
1537 1944 1710 1997 lectio..

304 2012 380 2059 nis
420 2013 464 2060 &
499 2021 728 2072 perpetua
757 2011 1066 2062 adnotatione
1103 2010 1331 2062 illustrata
1360 2029 1386 2062 a
1421 2013 1533 2064 Chr.
1568 2015 1713 2065 Gott-

306 2078 527 2128 HEYNE.
583 2076 784 2126 Accedit
819 2078 965 2126 index
1004 2077 1286 2127 uberrimus,
1356 2081 1541 2130 Tomus
1577 2083 1718 2145 prior

306 2144 523 2210 (Georg.
558 2145 602 2192 &
628 2143 783 2204 Eue.)
817 2143 978 2206 Lipfiae
1010 2143 1242 2193 sumtibus
1278 2145 1471 2208 Caspari
1499 2148 1711 2216 Fritsclzic'

312 2211 453 2276 1767.
481 2211 540 2260 T.
575 2210 624 2262 H
651 2210 863 2260 AEneidis
894 2210 1023 2260 Libri
1057 2210 1286 2261 I--VI
1316 2212 1432 2264 ibid.
1473 2232 1624 2280 1-7713
1651 2216 1722 2266 Tu

304 2277 391 2329 III.
421 2278 525 2328 AEn.
550 2278 601 2328 L.
625 2278 938 2328 VII—XII
963 2280 1007 2327 Sc
1037 2278 1096 2327 T.
1135 2278 1215 2328 IV.
1257 2279 1492 2331 Carmina»
1522 2282 1713 2333 minora

308 2344 526 2410 (Culex,
561 2344 678 2395 Ciris
696 2383 710 2405 ,
732 2344 881 2396 Catal.
918 2345 1206 2405 Moretum)
1229 2361 1271 2396 e.
1292 2348 1415 2398 Add.
1453 2351 1496 2399 &
1523 2349 1711 2413 Corrig-

309 2415 399 2462 ἃς.
441 2412 593 2462 Index
636 2411 753 2462 ibid.
791 2428 930 2479 1775.
964 2413 1109 2461 Poeta
1146 2413 1370 2477 quidem,
1405 2428 1461 2464 ut
1494 2417 1559 2465 ait
1588 2416 1716 2469 Clar.v

307 2480 494 2540 editor,
526 2479 626 2543 ipse
651 2496 709 2529 ex
738 2479 995 2530 Burmanni
1026 2480 1294 2530 recensione
1314 2520 1328 2542 ,
1359 2500 1463 2546 quae-
1498 2483 1723 2533 Heinfia-.

305 2563 420 2596 narn
464 2547 672 2610 sequitur
698 2548 908 2613 (1744)
943 2547 1084 2596 unice
1121 2548 1360 2611 expressus
1399 2551 1480 2601 est.
1532 2551 1712 2601 Textui

305 2615 528 2679 proxime
580 2614 898 2676 subjiciuntur
935 2616 1065 2664 Varr.
1115 2613 1343 2666 leotiones
1384 2634 1444 2667 ex
1481 2618 1721 2668 Burman-

305 2682 450 2733 niana
483 2683 558 2732 ed.
603 2683 799 2744 majori,
838 2691 1013 2746 pr—aeter
1041 2683 1340 2745 paucissimas
1377 2685 1600 2747 inutiles,
1631 2701 1718 2735 ex-

309 2761 481 2812 cerptae
528 2750 672 2812 inque
707 2748 876 2799 melius
919 2750 1136 2813 digestae,
1173 2751 1362 2813 adjecto
1404 2753 1549 2802 etiam
1586 2752 1718 2814 judi..

310 2817 429 2878 cio;
463 2818 675 2879 itemque
706 2833 765 2866 ex
799 2817 1019 2867 Pierianis
1054 2818 1378 2869 notationibus
1398 2858 1412 2881 ,
1445 2836 1504 2870 ex
1542 2835 1717 2872 recen-

309 2883 447 2933 sione
480 2883 769 2949 Eclogarum
811 2887 855 2934 Sc
904 2885 1249 2948 Georgicorum
1285 2887 1608 2948 Martiniana,
1658 2901 1722 2938 ex

313 2951 436 3001 Cod.
474 2951 701 3001 Mediceo
755 2967 865 3001 cura
903 2952 1124 3016 Fogginii
1173 2954 1384 3017 expresso
1414 2992 1428 3015 ,
1472 2955 1726 3019 fragmen-⁴

312 3017 374 3069 tis
413 3018 630 3069 Vaticani
665 3036 691 3068 a
727 3018 956 3070 Bartholo
996 3019 1173 3070 excufis
1219 3024 1265 3071 δε
1305 3023 1424 3072 Cod.
1460 3022 1601 3077 Rom.
1640 3038 1722 3070 va-

312 3085 393 3136 riis
431 3083 561 3138 lectt.
593 3096 702 3139 tum
731 3103 758 3139 e
792 3086 946 3143 tribus
981 3087 1141 3145 Codd.
1174 3087 1239 3140 ab,
1266 3088 1343 3141 ill„
1366 3090 1475 3142 viro
1497 3088 1593 3154 Jul.
1615 3088 1725 3160 Car,

1249 3170 1301 3235 Y
1331 3189 1371 3248 4
1604 3185 1620 3195 ,
1710 3167 1720 3181 ..
