2165 3792
588 222 996 278 LIBER
1084 225 1195 278 IV.

79 351 316 433 Ingenium
339 353 516 420 solers,
542 352 713 431 suaque
739 353 782 410 in
809 352 1089 432 compendia
1113 373 1317 433 pugnarn

158 443 276 516 Quis
301 441 480 500 dubitet
499 443 605 499 vasti
634 466 738 521 quae
761 443 814 500 fit
840 464 998 501 natura
1023 444 1232 502 Leonis?

75 536 294 614 Quasque
317 535 399 592 suo
424 534 564 592 disset
588 534 722 613 siguo
752 535 1046 593 nascentibus
1069 556 1186 593 artes
1208 545 1224 593 ἓ

74 628 159 685 llle
183 649 324 685 novas
346 625 525 706 semper
551 648 727 706 pugnas
744 672 758 694 ,
782 650 900 684 nova
925 626 1047 684 bella
1069 626 1268 685 serarum

74 725 308 797 Apparat‚
335 718 382 777 Sc
407 740 631 798 pecorum
656 717 814 798 spolio
838 718 1049 798 vivitque
1072 719 1269 798 rapinis:

72 809 180 866 Hoc
203 808 340 865 habet
362 807 453 866 hoc
476 808 665 866 studium
683 853 697 874 ‚
721 810 871 887 postes
896 834 1059 869 ornare
1082 813 1311 891 superbos

73 898 272 955 Pellibus
292 942 305 962 ,
334 900 382 957 ὅ(
405 917 556 977 captas
583 899 799 957 domibus
824 901 1068 982 praefigere
1094 904 1273 982 praedas
1292 947 1309 971 ‚

73 993 131 1047 Et
153 1013 350 1070 purgare
372 1013 496 1049 metu
525 991 655 1050 silvas
676 1037 691 1058 ‚
715 993 764 1051 δε
786 993 948 1052 vivere
971 1015 1121 1074 rapto.

73 1085 185 1140 Sunt
205 1105 404 1162 quorum
427 1083 594 1143 similes
616 1085 796 1143 animos
819 1108 906 1143 nec
929 1086 1098 1144 moenia
1119 1087 1336 1153 frenent,

73 1175 166 1231 Sed
195 1197 420 1254 pecorum
445 1177 660 1233 membris
684 1177 833 1234 media
856 1178 1108 1257 grassentur
1132 1177 1179 1235 in
1202 1178 1315 1235 urbe
1334 1223 1352 1247 ,

75 1265 133 1320 Et
157 1265 336 1322 laceros
357 1285 478 1323 artus
503 1267 779 1347 suspendant
804 1267 961 1325 fronte
987 1267 1186 1325 tabernae
1201 1313 1217 1338 ,

72 1357 377 1435 Luxuriaeque
400 1378 592 1437 parent.
615 1360 790 1417 caedem
812 1359 1082 1438 mortesque
1107 1360 1360 1417 lucrentur„

70 1445 309 1525 Ingenium
332 1448 386 1504 ad
411 1446 611 1505 subitas
604 1471 687 1506 tras
713 1449 960 1528 facilesque
983 1450 1203 1519 receffu5‚

71 1537 250 1613 Quales
276 1537 322 1595 ἃ
350 1561 527 1617 puero:
555 1540 783 1597 sententia
812 1542 1005 1620 pestere
1030 1541 1239 1621 simplex.

151 1633 212 1683 At
233 1626 396 1705 quibus
421 1627 629 1706 Erigone
650 1629 766 1686 dixit
785 1630 1072 1688 nascentibus
1098 1654 1248 1689 aevum
1268 1676 1285 1700 ‚

71 1721 170 1776 Ore
194 1718 452 1798 magisterio
479 1720 724 1800 nudosque
750 1721 955 1780 coercita
980 1723 1111 1802 virgo

70 1810 143 1868 Ad
165 1811 357 1869 studium
382 1812 537 1870 ducit:
563 1836 718 1871 mores
743 1813 793 1871 Sc
819 1814 1006 1893 pessora
1029 1816 1180 1874 deciis

67 1902 256 1959 Artibus
278 1903 496 1961 instituit:
525 1924 724 1962 nectam
753 1907 1036 1986 compendia
1064 1909 1225 1966 census
1244 1955 1261 1978 .‚

68 1995 222 2068 Quam
246 1993 395 2051 causas
421 1994 637 2073 viresque
665 1995 790 2053 dabit
811 1997 1082 2076 perquirere
1110 2021 1276 2056 rerum.

69 2086 153 2142 Illa
177 2085 316 2143 decus
338 2086 514 2166 linguae
536 2086 708 2155 faciet,
732 2110 1021 2168 regnumque
1043 2090 1272 2169 loquendi
1291 2116 1307 2159 ;

70 2181 227 2254 Atque
253 2178 416 2235 oculos
437 2178 602 2237 mentis
621 2223 635 2246 ‚
659 2202 748 2258 qua
773 2180 906 2258 poffit
930 2202 1120 2239 cernere
1142 2182 1304 2239 cunila
1321 2223 1338 2249 ,

70 2268 299 2342 Quamvis
322 2270 516 2328 occultis
544 2291 717 2329 narurae
745 2269 936 2329 condita
959 2271 1116 2329 causis,

69 2357 158 2414 Hic
184 2356 453 2437 &scriptor
476 2359 562 2415 erit
584 2358 696 2416 felix
714 2403 728 2425 ‚
755 2361 828 2416 cui
852 2359 984 2416 litera
1009 2360 1199 2417 verbum
1226 2359 1287 2416 est
1305 2403 1323 2426 ‚

70 2449 263 2527 Quique
287 2448 409 2506 notis
429 2448 629 2528 linguam
653 2450 835 2527 superet
857 2449 1133 2527 cursumque
1155 2450 1395 2529 loquentis
1411 2494 1428 2517 ‚

72 2541 286 2617 Excipiat
311 2541 472 2619 longas
500 2564 622 2597 nova
644 2563 726 2619 per
752 2540 1029 2618 compendia
1052 2562 1208 2597 voces,

70 2636 118 2688 Iu
145 2630 260 2689 vitio
285 2631 460 2687 bouus:
484 2629 532 2686 ἃ
557 2649 745 2686 teneros
771 2630 923 2707 pudor
947 2629 1140 2707 impedit
1165 2652 1313 2688 annos
1332 2673 1349 2698 ,

72 2726 343 2803 Magnaque
365 2741 536 2778 naturae
561 2719 827 2779 cohibendo
852 2743 1038 2777 munera
1059 2721 1220 2777 frenat.

73 2815 191 2871 Hinc
211 2814 456 2871 soecundus
481 2811 595 2881 erit,
625 2813 753 2889 quod
781 2810 942 2867 mirum
962 2854 977 2877 ‚
999 2810 1194 2889 Virgine
1219 2832 1391 2891 partus,

157 2904 392 2960 Librantes
417 2902 598 2959 nossem
624 2902 787 2959 Chelae
812 2924 914 2958 cum
940 2922 1155 2983 tempore
1178 2904 1292 2962 lucis

76 2998 162 3051 Per
189 3016 310 3051 nova
337 2991 495 3049 maturi
520 2992 620 3071 post
643 3014 808 3048 anuum
836 3015 1025 3049 munera
1051 2992 1249 3061 Bacchi,

77 3085 308 3143 Mensurae
326 3083 375 3143 ἃ
397 3083 600 3142 tribuent
623 3083 726 3142 usus
748 3128 762 3153 ‚
783 3083 832 3143 ἃ.
853 3085 1064 3167 pondera
1088 3108 1238 3143 rerum
1256 3130 1272 3151 ‚

1226 3171 1265 3226 κζ
1302 3188 1326 3239 3

1581 242 1690 305 ¹49

1583 382 1684 433 ¹75

1579 818 1684 871 18·

1578 1275 1679 1342 185

1567 2653 1682 2691 2001
