2165 3792
360 181 449 242 M.
507 180 955 240 MANILJI
1003 179 1327 235 LIBER
1385 178 1468 234 11.
1526 196 1534 213 ι
1608 173 1686 255 89·

35 329 40 346 ⁵
83 314 395 394 Militiamque
416 313 534 381 soli3
562 314 689 391 quod
715 311 862 370 colles
883 310 1082 368 Bacchus
1104 325 1306 377 amaret,
1608 330 1683 366 20

81 406 232 483 Quod
254 403 472 462 sdecunda
494 405 638 459 Ceres
671 423 860 480 campos
878 443 893 466 .,
918 401 1045 479 quod
1071 399 1268 456 Bacchus
1292 419 1564 480 utrumque3

83 509 241 579 Atque
264 496 436 557 arbusta
455 495 584 574 vagis
608 495 754 552 effent
778 495 907 573 quod
931 494 1134 550 adultera
1158 492 1339 571 pomis;

79 590 401 667 Silvarumque
424 591 587 653 Deos,
611 585 871 665 sacrataque
898 587 1084 642 numina
1110 583 1367 663 Nymphas,

5 669 9 678 ¹
75 678 204 738 Pacis
227 699 343 757 opus
361 721 376 744 ‚
399 698 595 755 magnos
624 696 796 733 naturae
820 675 982 733 condit
1009 673 1055 731 in
1079 673 1200 731 usus.

75 767 310 826 Astrorum
333 767 514 846 quidam
538 766 680 823 varias
707 765 870 823 dixere
893 765 1061 845 figuras
1080 811 1097 836 ‚
1616 785 1686 839 25

75 858 311 938 Signaque
332 857 498 915 diffuso
523 856 671 935 paffim
695 855 891 913 labentia
916 857 1044 915 coelo

74 955 126 1008 In
149 948 389 1030 proprium
409 950 630 1029 cujusque
655 971 802 1028 genus
825 947 1070 1027 causasque
1096 948 1270 1007 tulere:

73 1042 228 1102 Persei
252 1041 302 1100 δε
323 1043 634 1100 Andromedae
655 1062 818 1119 poenas
833 1084 848 1106 ‚
873 1060 1156 1120 matremque
1180 1041 1421 1099 dolentem
1438 1083 1458 1114 ,

71 1134 439 1212 Solventemque
464 1153 676 1214 patrem;
702 1154 967 1212 raptamque
996 1138 1217 1211 Lycaone
1244 1152 1423 1201 natam,

73 1225 347 1302 Officioque
368 1224 492 1283 lovis
519 1225 841 1303 Cynosuram,
862 1225 978 1282 lacte
1005 1226 1246 1304 Capellam
1266 1272 1285 1295 ‚
1615 1247 1689 1298 30

73 1319 133 1374 Et
155 1317 280 1375 furto
307 1320 520 1396 Cycnum
538 1362 552 1384 ,
577 1318 747 1395 pietate
769 1317 824 1374 ad
847 1316 990 1374 sidera
1014 1317 1195 1375 dustam

73 1407 347 1487 Erigonen,
371 1409 553 1488 isluque
577 1412 758 1488 Nepam
774 1453 789 1475 ‚
814 1410 1067 1489 spolioque
1092 1414 1296 1469 Leonem
1314 1453 1332 1479 ‚

72 1502 132 1556 Et
150 1500 303 1557 morsu
328 1503 553 1556 Cancrum
573 1543 588 1566 ‚
610 1501 757 1558 Pisces
782 1501 1070 1578 Cythereide
1092 1502 1223 1561 versa
1238 1547 1254 1570 ‚

72 1590 347 1670 Lanigerum
378 1590 502 1648 vieto
530 1591 779 1649 ducentem
803 1591 946 1650 sidera
970 1615 1136 1671 ponto.

72 1686 339 1761 Ceteraque
364 1705 421 1740 ex
444 1682 574 1740 variis
599 1681 849 1762 pendentia
871 1684 1042 1741 casibus
1066 1683 1179 1743 astra
1615 1707 1638 1758 3
1659 1705 1690 1763 ς’

71 1773 258 1831 AEtbera
280 1794 362 1853 per
387 1772 610 1831 summum
636 1774 890 1832 voluerunt
913 1773 1000 1832 fixa
1021 1775 1224 1834 revolvi.

69 1868 290 1941 Quorum
314 1865 588 1922 carminibus
611 1865 726 1923 nihil
752 1866 814 1924 est
839 1866 917 1924 nisi
939 1867 1090 1926 sabula
1112 1868 1283 1925 coelum
1303 1883 1322 1935 ;

71 1961 310 2036 Terraque
333 1959 599 2038 composuit
624 1960 796 2018 coelum
814 2004 829 2028 .,
855 1984 957 2040 quae
983 1962 1158 2041 pendet
1178 1962 1234 2019 ab
1258 1960 1363 2019 illo.

69 2049 203 2126 Quin
230 2047 364 2106 etiam
390 2072 614 2128 pecorum
640 2049 751 2108 ritus
770 2095 785 2119 ,
811 2051 859 2110 &
889 2057 1009 2110 Pana
1032 2052 1275 2110 sonantem

70 2148 120 2201 In
142 2142 342 2199 calamos
360 2185 375 2207 ‚
400 2141 550 2200 Sicula
572 2163 798 2202 memorat
822 2145 990 2202 tellure
1014 2164 1221 2202 creatus:
1610 2163 1689 2210 4ο

69 2236 174 2292 Nec
197 2230 318 2289 silvis
345 2230 545 2291 silvestre
567 2233 718 2307 canit,
748 2258 927 2316 perque
954 2235 1140 2294 horrida
1165 2254 1321 2293 motus

72 2328 194 2381 Rura
219 2323 326 2381 serit
348 2323 507 2379 dulces
524 2366 540 2388 ‚
559 2323 825 2402 musamque
847 2325 1023 2385 inducit
1044 2326 1090 2382 in
1119 2344 1262 2383 antra.

72 2422 196 2475 Ecce
220 2417 334 2474 alius
356 2417 497 2496 piftas
521 2416 736 2473 volucres
754 2463 769 2485 ,
795 2417 844 2475 8(
865 2419 987 2475 bella
1008 2419 1202 2475 serarum
1220 2463 1238 2487 ‚

69 2508 156 2566 Ille
179 2528 439 2565 venenatos
461 2529 635 2584 angues
652 2551 666 2573 ,
692 2505 766 2563 hic
792 2526 890 2564 nata
917 2530 1000 2585 per
1026 2507 1189 2564 herbas

72 2602 177 2656 Fata
198 2598 371 2665 refert,
396 2597 630 2674 vitamque
650 2597 724 2653 sua
747 2597 899 2655 radice
922 2597 1141 2656 ferentes.
1188 2677 1190 2683 Ι
1610 2618 1683 2678 45

69 2696 199 2774 Quin
223 2695 358 2755 etiam
387 2695 588 2752 tenebris
612 2694 882 2751 immensum
906 2697 1093 2751 Tartara
1122 2713 1273 2751 natum

47 2777 119 2849 ‘ln
143 2790 291 2846 lucem
311 2789 369 2846 de
396 2787 531 2844 ηοξὶε
553 2806 754 2854 vocant·,
781 2788 1037 2865 orbemque
1063 2788 1315 2846 revolvunt

70 2878 265 2937 Interius
286 2878 464 2935 versum
480 2920 495 2941 ‚
518 2899 690 2932 naturae
718 2876 897 2932 foedere
921 2894 1077 2953 rupto.

72 2971 228 3025 Omne
249 2989 392 3046 genus
418 2988 568 3022 rerum
592 2966 744 3023 dottae
776 2965 987 3022 cecinere
1014 2969 1228 3022 Sorores.

71 3058 234 3117 Omnis
256 3060 312 3118 ad
335 3058 533 3120 accessus
554 3058 797 3120 Heliconis
827 3049 985 3117 semita
1010 3056 1114 3116 trita
1137 3056 1217 3116 est.
1608 3073 1686 3134 ιςο
