2165 3792
434 215 577 268 DE
639 215 722 269 M.
783 213 1273 269 MANILIO.
1573 229 1690 291 379

293 342 510 406 clarzffimi
539 343 900 394 Astronomicon
939 345 1001 391 ad
1042 345 1244 409 Caesbzrem
1278 343 1520 410 Augustum
1554 344 1655 391 libri
1664 365 1687 404 ,-

290 414 466 460 Aratus
498 412 748 460 Germanici
777 412 839 458 ad
870 412 1143 475 Augustum:
1181 411 1361 478 impreffi
1381 429 1460 477 per
1475 428 1538 458 me
1560 415 1688 476 Ugo-

288 496 382 527 nem
422 479 681 541 Rugerium
722 476 766 523 6·
811 478 1055 524 Dominum
1103 477 1411 528 Bertochum.
1439 479 1687 538 Bononiae,

286 547 360 593 die
383 548 585 612 vigesima
609 543 774 593 Martii
803 542 1258 605 MCCCCLXXIV,
1276 546 1367 611 fbl.
1399 545 1470 595 Ita
1489 546 1687 607 quidem

290 611 466 677 legitur
491 614 541 661 in
568 612 737 661 notitia
764 609 1050 674 scriptorum
1075 612 1426 674 praecipuorum
1456 628 1690 662 vernacu-

287 679 337 729 lo
381 680 597 730 sermone
642 677 910 744 conscripta
959 679 1182 743 editaque
1219 680 1490 742 Lemgoviae
1542 684 1687 747 1756.

287 749 434 800 Tom.
461 749 513 807 I,
543 764 591 811 p.
627 748 718 814 582
751 762 812 796 ex
836 747 1085 798 Maittairii
1113 745 1284 797 Annal.
1316 748 1529 811 Typogr.
1555 750 1612 799 T.
1636 750 1688 809 Ι,

285 832 334 879 p.
369 815 474 882 336.
508 825 614 865 tum
646 816 696 863 in
727 815 856 866 Burii
886 815 1239 880 Bibliographia
1269 815 1476 865 instruc‘t.
1504 818 1582 878 qui
1615 827 1686 865 ta.-

287 899 402 932 men
432 882 480 932 se
509 900 616 933 eam
646 884 866 933 nondum
891 883 1058 933 vidiffe
1091 884 1294 943 fatetur3
1325 883 1455 932 unde
1488 883 1548 932 de
1580 887 1685 945 ejus

285 950 477 1003 raritate
518 952 730 1003 constare
764 952 932 1015 potest.
965 953 1118 1015 Atque
1150 951 1253 1000 haec
1283 949 1350 999 est
1386 950 1538 1013 prima
1563 951 1688 1001 Lau·
1747 1002 1750 1005 Α

285 1019 428 1068 rentii
454 1021 762 1069 Bonincontrii
780 1020 806 1045 ⁴¹
832 1019 1126 1070 Miniatenfis
1153 1018 1443 1078 Florentini,
1471 1019 1549 1082 qui
1577 1019 1686 1068 Ma-

286 1081 460 1136 nilium
488 1103 546 1136 ex
574 1088 684 1138 cod.
723 1088 906 1136 vetusto
950 1086 1187 1151 castigaffe
1213 1087 1261 1136 se
1286 1086 1519 1150 profeffus
1549 1088 1689 1136 addi-

288 1153 361 1202 dit
391 1155 817 1206 Commentarium.
862 1156 956 1205 Sed
987 1157 1208 1205 codicem
1236 1153 1373 1203 illum
1391 1193 1404 1215 ‚
1435 1154 1515 1217 qui
1544 1154 1688 1204 Gaffi-

287 1223 441 1272 nenfis
457 1223 548 1284 est,
571 1222 720 1272 hodie
746 1223 928 1272 constat
945 1223 1037 1272 effe
1055 1233 1315 1272 recentem.
1340 1223 1412 1272 De
1436 1238 1686 1271 commen-

285 1290 406 1340 tario
435 1301 597 1339 autem
620 1292 647 1352 J
652 1290 716 1340 os.
748 1291 942 1356 Scaliger
968 1292 1029 1340 ad
1061 1289 1323 1342 Manilium
1347 1290 1400 1340 L.
1417 1290 1494 1349 V,
1515 1307 1560 1353 p.
1584 1292 1684 1352 406

287 1357 366 1406 ed.
397 1358 598 1408 Boecler.
641 1360 818 1423 Quibus
839 1360 1190 1408 Bonincontrius
1215 1359 1263 1407 in
1290 1359 1539 1407 Manilium
1551 1360 1689 1425 potest

277 1426 561 1492 J'atisflzcere,
589 1427 686 1475 illis
712 1444 788 1493 ego
818 1445 1040 1492 nunquam
1060 1429 1245 1475 mirabor
1269 1427 1410 1491 nostra
1434 1426 1684 1493 displicere:

237 1548 239 1550 r
283 1493 390 1558 quia
422 1496 477 1543 ab
510 1495 607 1542 illis
639 1513 770 1560 neque
800 1494 1094 1560 confeffionem
1132 1496 1190 1544 ab
1222 1494 1520 1560 ingenuitate,
1550 1512 1684 1559 neque

274 1562 448 1627 finficm
477 1563 696 1610 literarum
725 1582 752 1610 a
777 1563 905 1626 genio
932 1581 1071 1610 eorum
1097 1562 1328 1628 exigimus.
1352 1562 1471 1611 Haec
1496 1577 1583 1625 pro
1612 1562 1684 1610 fa-

283 1627 356 1676 stu
391 1626 476 1677 suo
516 1630 726 1691 Scaliger
759 1630 959 1688 dixerit,
1003 1647 1099 1678 uno
1142 1628 1472 1680 Gemblacenfi
1513 1630 1685 1678 codice

284 1695 542 1758 antiquiori
569 1697 748 1760 suoque
778 1698 971 1760 ingenio
1001 1697 1141 1759 fisus3
1163 1697 1310 1747 habet
1328 1707 1489 1746 tamen
1505 1698 1685 1747 Bonin-

260 1765 498 1813 ,contrius
525 1764 607 1815 sua
635 1765 792 1825 bona,
826 1766 886 1814 cf.
919 1783 961 1816 v.
997 1783 1039 1829 g.
1079 1768 1308 1814 Stoeberum
1342 1766 1404 1814 ad
1428 1765 1599 1815 Manil.
1629 1767 1682 1816 L.

283 1831 360 1891 ΙΙ,
389 1848 433 1880 ν.
479 1849 583 1882 112,
638 1832 822 1882 Christi.
856 1834 1089 1882 Daumius
1125 1845 1256 1882 certe
1298 1834 1349 1880 in
1394 1849 1471 1896 ep.
1508 1834 1582 1883 IX
1620 1835 1683 1883 ad

281 1898 553 1948 Reinefium
587 1917 634 1962 p.
659 1898 721 1946 28
754 1900 870 1947 edit.
900 1900 1005 1957 Jen.
1041 1901 1165 1963 1670
1196 1899 1388 1948 scribit:
1416 1901 1510 1965 Jos.
1544 1903 1690 1949 Scali-

280 1984 381 2032 gero
409 1967 526 2013 nihil
553 1968 604 2013 de
635 1966 980 2014 Bonincontrio
1007 1968 1228 2032 constitit,
1258 1968 1553 2033 cumprimum
1573 1971 1685 2016 Ma-

284 2033 443 2080 nilium
471 2034 634 2090 ederet,
660 2051 736 2080 nec
753 2034 848 2079 eius
876 2033 1055 2082 Rerum
1088 2033 1355 2083 coelestium
1386 2035 1522 2083 libros
1539 2040 1684 2101 (quos

283 2097 442 2147 habeo
474 2099 524 2153 in
554 2116 590 2159 4-
619 2098 857 2159 excusos)
883 2101 1037 2164 vidtffi
1062 2117 1240 2149 autumo
1257 2140 1272 2163 ‚
1304 2104 1478 2167 quando
1500 2106 1687 2168 fi’cutzdo

286 2168 532 2216 Manilium
562 2168 728 2227 edidit,
761 2185 854 2214 cum
882 2186 935 2214 ne
950 2168 1087 2233 semel
1110 2171 1279 2233 quidem
1309 2171 1457 2217 horum
1487 2172 1684 2219 memine-

285 2236 357 2283 rit.
388 2235 583 2297 Quodsi
605 2235 759 2283 habuit
776 2273 788 2294 ‚
816 2250 893 2282 aut
921 2235 1037 2282 vidit
1061 2254 1164 2296 eos,
1180 2236 1330 2302 fizsius
1358 2237 1434 2284 ille
1457 2265 1547 2275 --—
1570 2257 1678 2286 con-
1720 2232 1723 2234 ’

277 2301 496 2365 firmatur.
545 2301 770 2350 Ceterum
805 2318 1019 2351 errarunt
1056 2301 1150 2351 Th.
1194 2305 1391 2354 Crenius
1424 2303 1455 2352 s.
1497 2304 1683 2355 Crufius

284 2369 540 2418 Animadv.
573 2368 744 2431 philol.
781 2368 884 2418 hist.
924 2372 968 2420 ἃ
1002 2371 1104 2421 crit.
1134 2371 1182 2421 P.
1209 2373 1332 2432 XII,
1358 2371 1441 2421 ubi
1468 2373 1684 2436 pluribus

283 2436 368 2485 sed
412 2436 610 2485 confuse
653 2437 713 2486 de
745 2437 952 2487 Manilio
999 2441 1199 2502 ejusque
1235 2441 1347 2490 edd.
1387 2439 1518 2503 egit,
1551 2458 1597 2505 p.
1630 2461 1676 2509 9.

247 2505 249 2508 ⁴
285 2503 413 2553 hanc
442 2504 772 2555 Bonincontrii
801 2506 1010 2569 primam
1041 2524 1115 2557 an.
1155 2508 1281 2570 1484
1313 2507 1561 2558 Florentiae
1592 2510 1681 2558 im-

288 2572 493 2638 preffam
521 2590 739 2631 narrans,
761 2576 805 2623 ἅ
836 2574 939 2637 post
967 2591 1078 2624 eum
1106 2574 1350 2625 Fabricius
1368 2576 1419 2624 in
1445 2577 1684 2639 prioribus

286 2641 497 2705 quinque
526 2642 636 2691 edd.
659 2640 780 2691 Bibl.
810 2643 912 2692 Lat.
945 2644 1024 2705 qui
1055 2652 1218 2692 tamen
1248 2643 1352 2693 haec
1376 2645 1548 2694 meiius
1572 2662 1682 2709 pro-

287 2709 380 2757 fert
408 2710 460 2757 in
489 2709 612 2760 Bibl.
647 2710 774 2761 med.
802 2712 905 2760 Lat.
934 2710 992 2760 T.
1031 2710 1082 2769 I,
1111 2727 1159 2774 p.
1183 2729 1282 2777 714
1314 2715 1358 2762 ἃ
1393 2728 1518 2762 anno
1557 2714 1684 2776 1484

290 2777 533 2840 geminam
563 2777 869 2827 Bononienfis
893 2778 1231 2842 repetitionem
1257 2780 1435 2830 factam
1461 2782 1617 2831 tradit.

426 2844 452 2869 '⁶
489 2846 648 2897 Etiam
667 2846 1066 2895 Bonincontrium
1092 2846 1221 2896 hunc
1244 2848 1433 2911 poetica
1461 2866 1582 2899 vena
1604 2867 1686 2900 va-

356 2911 524 2970 luisse,
552 2923 686 2977 patet
714 2929 772 2962 ex
799 2915 899 2963 eius
932 2914 1083 2965 Libris
1115 2916 1265 2965 tribus
1296 2933 1456 2966 rerum
1492 2928 1684 2968 natura-

358 2980 481 3029 lium
502 2983 547 3030 &
567 2981 833 3030 divinarum
852 3021 866 3039 ‚
889 2982 1069 3046 scriptis
1101 2985 1311 3034 carmine
1341 2984 1564 3047 heroico,
1600 2985 1681 3048 qui

359 3046 522 3096 lucem
548 3049 772 3098 viderunt
790 3050 975 3100 Bafileae
1003 3067 1156 3113 1540,
1187 3070 1232 3112 4.
1263 3053 1319 3103 In
1346 3052 1477 3102 hunc
1505 3054 1684 3103 Bonin-

363 3116 605 3167 contrium
631 3117 962 3170 Grammaticae
985 3118 1304 3172 Mantuanum
1337 3121 1650 3174 Profess'orem
1670 3159 1685 3184 ,
