2165 3792
423 214 537 279 154
863 202 946 256 M.
1031 199 1604 258 MANILII

420 335 484 390 At
505 335 601 387 Leo
627 329 857 388 consortis
878 330 1120 401 meminit,
1145 332 1226 390 sub
1249 334 1356 412 lege
1382 331 1592 412 trigoni,

419 424 791 504 Lanigerumque
813 425 977 484 ducem
1000 426 1167 507 recipit
1186 455 1200 495 3
1223 431 1520 506 Taurumque
1545 425 1782 505 quadrato?

422 516 736 593 Coniun&um
758 515 865 574 sibi:
893 518 974 575 sub
997 517 1208 575 Geminis
1229 541 1332 597 pars
1356 517 1488 576 tertia
1510 520 1653 575 fertur
1670 541 1686 573 ε

422 607 526 662 Hos
549 629 739 686 quoque
761 608 997 688 contingit
1019 632 1102 688 per
1127 609 1264 667 senos
1289 609 1411 667 linea
1435 609 1603 668 flexus,

422 696 709 776 Praecipu'um
733 698 939 777 Erigone
961 703 1148 757 Cancro
1172 700 1388 758 concedit
1413 700 1680 770 honorem‚'

424 787 518 846 Cui
540 789 731 868 primam
756 790 917 848 tribuit.
939 812 1127 869 partem.
1152 793 1314 851 Vicina
1338 794 1494 852 reli&
1519 794 1584 851 est

427 879 600 938 Vicino
619 924 634 945 .,
655 884 876 937 Nemeaee
893 924 908 947 ,
932 880 1030 937 tibi.
1058 886 1160 938 Pars
1183 882 1319 962 ipfius
1342 884 1431 942 ima
1455 884 1518 942 est
1535 926 1552 952 ‚

424 973 552 1046 Quae
575 970 770 1028 fastidito
798 971 1012 1027 conceffa
1041 971 1102 1028 est
1123 972 1225 1049 jure
1249 972 1408 1050 potiri.

426 1062 518 1118 Sed
542 1062 674 1118 Libra
696 1061 915 1139 exemplo
942 1062 1143 1138 gaudet,
1168 1061 1431 1141 pariterque
1455 1083 1695 1142 regentem

425 1153 605 1212 Nofies
628 1174 763 1233 atque
788 1153 885 1210 dies
911 1153 1097 1210 diverso
1126 1155 1172 1210 in
1197 1174 1410 1233 tempo-re
1434 1153 1586 1211 secum

425 1243 705 1321 Lanigerum
731 1243 948 1323 sequitur.
976 1243 1109 1300 Veris
1131 1244 1238 1323 juga
1259 1263 1483 1322 temperat
1510 1245 1614 1303 ille:

428 1336 546 1392 Haec
565 1337 847 1393 autumnales
872 1336 1119 1414 componit
1142 1335 1319 1393 lucibus
1346 1336 1499 1393 horas.

392 1454 397 1455 ff
428 1427 561 1493 Nulli
586 1428 805 1485 concedit
826 1427 1017 1508 primaru
1034 1474 1049 1496 ,
1076 1427 1302 1506 traditque
1326 1427 1538 1507 sequenti

425 1516 641 1575 Vicinam
665 1541 852 1597 partem.
879 1518 1100 1576 Centauri
1124 1518 1256 1575 tertia
1280 1518 1451 1575 summa
1476 1517 1552 1574 est.

426 1607 654 1688 Scorpios
676 1608 720 1664 in
747 1609 890 1687 prima
912 1607 1252 1686 Capricornum
1277 1627 1406 1687 parte
1431 1607 1605 1664 locavit·
1619 1631 1637 1661 :-

429 1701 634 1759 Alterius
657 1701 895 1758 dominum
919 1700 1029 1756 fecit
1045 1743 1059 1765 ‚
1087 1699 1158 1756 cui
1182 1722 1354 1756 nomen
1377 1699 1432 1756 ab
1455 1697 1613 1755 undis:

432 1795 669 1850 Extremas
691 1791 842 1849 voluit
864 1811 1013 1870 partes
1037 1790 1118 1847 sub
1140 1789 1341 1846 Piscibus
1366 1789 1471 1847 effe.

427 1884 495 1942 'At
517 1884 593 1962 qui
620 1904 849 1941 contento
872 1883 1101 1941 minitatur
1125 1882 1298 1960 spicula
1321 1905 1466 1939 nervo
1486 1925 1506 1948 ‚,

430 1974 664 2052 Lanigero
687 1973 851 2052 primas
877 1972 1013 2030 tradit
1035 1972 1116 2028 sub
1139 1973 1237 2047 jure
1261 1970 1474 2049 trigoni,

430 2067 493 2121 Et
514 2063 682 2120 medias
705 2066 862 2118 Tauro
885 2079 1034 2140 partes
1053 2106 1069 2132 ‚
1094 2060 1399 2139 Geminisque
1421 2059 1666 2138 supremas.

432 2160 537 2215 Nec
561 2177 711 2213 manet
734 2155 936 2232 ingratus
960 2152 1269 2232 Capricornus
1293 2151 1484 2209 crimine
1507 2152 1626 2231 turpi
1653 2195 1669 2218 ,

432 2249 527 2305 Sed
551 2271 710 2305 munus
732 2245 883 2303 reddit
909 2248 1095 2301 Cancro
1112 2288 1127 2310 ‚
1151 2244 1406 2323 recipitque
1432 2263 1644 2323 receptus
1665 2286 1682 2309 ,

431 2339 813 2419 Principiumque
839 2337 903 2394 sui
929 2337 1087 2393 donat.
1119 2336 1385 2414 Conju-u&a
1409 2337 1577 2393 Leonis

433 2437 600 2513 Regna
625 2431 776 2488 ferunt
793 2474 809 2501 ‚
830 2430 1017 2487 summas
1041 2447 1189 2506 partes
1211 2446 1256 2484 at
1282 2426 1486 2506 Virginis
1511 2427 1621 2484 effe.

435 2522 664 2581 Fontibus
693 2518 872 2576 aeternis
899 2516 1103 2597 gaudens
1125 2522 1341 2596 Urnaque
1370 2517 1532 2575 fluenti

436 2618 542 2673 Jura
564 2611 628 2671 sui
651 2610 796 2667 Librae
818 2609 1041 2689 permittit
1067 2608 1212 2688 prima
1233 2611 1465 2687 regenda:

437 2701 771 2779 Haerentesque
792 2700 954 2757 decem
977 2721 1126 2778 partes
1151 2702 1284 2777 Nepa
1308 2697 1510 2754 vindicat
1532 2695 1635 2775 ipfi:

440 2796 644 2848 Summas
667 2794 917 2847 Centaurus
940 2788 1109 2845 retinet
1135 2787 1342 2865 juvenile
1367 2810 1448 2865 per
1470 2787 1644 2842 astrum.

442 2886 537 2941 Jam
562 2883 772 2960 superant
797 2879 971 2960 gemini
997 2879 1143 2936 Pisces
1163 2924 1177 2946 ‚
1203 2878 1281 2957 qui
1304 2877 1448 2934 sidera
1472 2876 1704 2934 claudunt.

441 2973 672 3052 Lanigero
696 2973 868 3052 primos
890 2971 1070 3028 tradunt
1090 2971 1134 3027 in
1159 2969 1324 3026 finibus
1346 2969 1466 3026 usus.

441 3069 623 3146 Perque
645 3064 809 3122 decem
830 3063 1000 3122 medias
1023 3081 1173 3142 partes
1196 3079 1243 3119 tu
1263 3105 1278 3131 ,
1301 3064 1453 3122 Taure
1471 3078 1736 3138 ‚receptus

1915 353 2030 407 330

1920 810 2029 869 „5

1919 1267 1941 1320 3
1960 1268 2043 1313 49]-

1928 1718 2033 1774 345

1931 2629 2043 2685 355

1929 3063 2042 3130 360
