2165 3792
785 164 1242 240 CULEX

197 300 440 383 Anguibus
462 297 573 357 hinc
595 317 732 378 atque
757 297 865 355 hinc
887 298 1087 356 horrent
1111 297 1333 355 cui·colla
1357 295 1576 364 reflexis;

197 395 546 476 sanguineique
570 393 741 451 micant
765 394 980 452 ardorem
1006 393 1191 451 luminis
1217 393 1371 451 orbes.

193 493 330 547 Heu!
354 487 465 566 quid
491 488 546 544 ab
571 485 734 544 officio
763 487 959 566 digreffa
984 486 1045 544 est
1073 485 1218 565 gratia
1237 530 1252 553 ‚
1276 509 1380 544 cum
1406 507 1452 543 te

192 581 384 640 Restitui
408 580 583 660 superis
609 579 722 637 lethi
746 579 836 656 jam
859 578 1021 636 limine
1046 579 1101 636 ab
1125 578 1267 658 ipso?

191 672 381 730 Praemia
401 670 505 728 sunt
527 669 708 750 pietatis
732 670 810 726 ubi
830 677 847 727 ?
870 669 1056 748 pie-tatis
1078 669 1298 729 honores

192 766 243 819 In
269 786 404 820 vanas
425 762 581 821 abiere
607 762 765 821 vices:
798 763 846 822 ὅς
873 786 978 821 rure
1004 763 1182 821 receffit

190 853 374 911 lustitiae
396 853 527 932 prior
551 853 629 911 illa
654 853 797 912 fides:
825 853 1032 911 instantia
1060 853 1155 911 vidi

189 944 394 1002 Alterius
413 989 428 1010 ‚
451 943 546 1002 fine
567 944 779 1024 respectu
802 964 902 1001 mea
925 943 1012 1000 fata
1036 943 1299 1022 relinquens
1323 956 1340 1006 ‚‘

124 1047 132 1052 '
186 1036 263 1094 Ad
289 1036 455 1116 pariles
476 1060 594 1117 agor
614 1058 837 1094 eventus:
864 1036 915 1092 fit
934 1057 1077 1114 poena
1100 1033 1329 1091 merenti:

187 1131 330 1184 Poena
356 1129 408 1184 fit
431 1127 647 1185 exitium:
674 1126 821 1185 modo
847 1126 900 1183 fit
924 1126 1032 1183 dum
1058 1147 1186 1202 grata
1204 1125 1421 1182 voluntas
1439 1167 1456 1191 ‚

188 1219 378 1279 Exfistat
399 1244 481 1300 par
507 1220 728 1278 officium.
757 1225 902 1278 Feror
924 1218 1026 1276 avia
1051 1241 1240 1297 carpens
1262 1263 1279 1286 ‚

186 1311 304 1369 Avia
327 1312 608 1370 Cimmerios
634 1311 754 1370 inter
777 1310 986 1369 distantia
1009 1311 1173 1368 lucos:

187 1406 345 1478 Quem
370 1404 489 1462 circa
512 1404 658 1462 tristes
683 1404 933 1461 densentur
955 1402 1000 1460 in
1031 1400 1189 1460 omnia
1212 1423 1386 1481 poenae.

187 1500 307 1554 Nam
332 1496 511 1553 vincius
535 1496 664 1553 sedet
690 1495 900 1552 immani-s
925 1494 1211 1574 serpentibus
1236 1498 1361 1552 Otos
1377 1540 1394 1563 ‚

182 1591 431 1648 Devictum
452 1590 638 1648 moestus
661 1591 829 1670 procul
856 1589 1118 1669 adspiciens
1140 1588 1389 1669 Ephialten
1409 1634 1426 1657 ‚

183 1682 359 1740 Conati
380 1684 615 1762 quondam
645 1706 746 1740 cum
770 1682 854 1740 fint
879 1682 1134 1740 incendere
1158 1683 1414 1740 mundum:

178 1778 238 1832 Et
256 1774 428 1855 Tityos
446 1822 462 1844 ,
486 1778 661 1833 Latona
679 1818 695 1841 ‚
719 1794 810 1832 tuae
832 1797 1015 1831 memor
1041 1774 1198 1833 anxius
1222 1774 1303 1833 irae
1319 1819 1339 1851 ,

177 1866 485 1947 Implacabilis
506 1867 569 1925 ira
594 1866 726 1924 nimis
744 1912 758 1935 ,
783 1868 903 1943 jacet
925 1866 1045 1925 alitis
1072 1869 1190 1927 esca.

176 1962 384 2017 Terreor
405 1984 429 2018 a
451 1959 588 2018 tantis
614 1959 813 2017 insistere
829 2004 845 2027 ‚
870 1979 1050 2018 terreor
1070 1958 1272 2028 umbri5‚

175 2051 249 2108 Ad
275 2053 456 2133 Stygias
486 2072 727 2111 revocatus
751 2076 903 2132 aquas.
929 2055 1021 2112 Vix
1046 2054 1234 2112 ultimus
1256 2052 1378 2111 amni

175 2145 326 2205 Restat
344 2190 359 2212 ‚
386 2148 616 2205 nectareas
638 2149 810 2206 Divum
835 2148 913 2229 qui
940 2149 1150 2229 prodidit
1172 2147 1297 2206 escas
1317 2191 1334 2216 ‚

173 2239 384 2297 Gutturis
405 2241 550 2299 arenti
570 2243 811 2300 revolutus
840 2243 886 2300 in
914 2243 1069 2302 omnia
1093 2243 1243 2302 sensu.

174 2330 304 2404 Quid
323 2374 338 2395 ,
363 2330 517 2388 saxum
543 2334 712 2411 procul
733 2334 930 2393 adverso
959 2335 1038 2414 qui
1061 2354 1224 2394 monte
1244 2333 1489 2401 revolvit,'

174 2422 480 2480 Contemfiffe
501 2424 645 2482 dolor
670 2448 809 2503 quem
828 2427 1032 2485 Numina
1051 2426 1200 2484 vincit
1214 2428 1405 2485 acerbus
1427 2472 1446 2496 2

171 2513 283 2570 Otia
310 2536 599 2592 quaerentem
628 2517 817 2575 frustra?
841 2522 941 2576 Vos
967 2518 1030 2576 ite
1046 2563 1061 2586 ‚
1085 2519 1256 2597 puellae
1273 2562 1290 2587 ‚

168 2610 265 2672 Ite,
288 2605 454 2685 quibus
480 2608 617 2665 taedas
639 2607 851 2666 accendit
874 2608 1004 2666 tristis
1032 2608 1257 2688 Erinny5‚

166 2698 296 2757 Sicut
321 2704 505 2780 Hymen
529 2700 713 2779 ptaefata
735 2701 864 2759 dedit
889 2701 1125 2759 connubia
1147 2700 1340 2759 mortis:

167 2795 326 2869 Atque
350 2792 458 2851 alias
482 2793 576 2851 alio
600 2794 760 2852 densat
784 2795 922 2873 super
946 2794 1131 2867 agmine
1157 2814 1324 2851 turmas
1343 2835 1358 2860 ‚

167 2883 409 2963 Impietate
432 2884 526 2943 fera
549 2887 803 2944 vecordem
828 2886 1061 2945 Colchida
1086 2904 1277 2943 matrem
1296 2928 1312 2952 ‚

168 2976 319 3034 Anxia
342 2977 550 3036 sollicitis
570 2978 871 3036 meditantem
895 2980 1087 3036 vulnera
1110 2976 1257 3056 gnatis
1277 3003 1290 3035 ε

170 3072 264 3130 Iam
286 3069 562 3133 Pandionias
586 3071 840 3132 miseranda
867 3071 1004 3157 prole
1028 3069 1205 3152 puellas
1223 3114 1240 3139 ‚

1752 183 1818 223 11

1702 321 1817 355 220

1701 783 1808 838 225

1695 1241 1812 1291 230

1687 2165 1801 2211 240

1677 2629 1784 2685 245

1672 3088 1786 3143 25⁰
