2165 3792
451 223 587 279 DE
647 225 714 280 P.
787 221 1299 278 VIRGILIO.
1552 217 1660 298 265

71 353 297 430 exsitxit.
323 355 479 410 Meus
501 356 704 429 quidem
721 353 1048 427 propinquus
1070 375 1137 408 ex
1167 357 1338 409 eodem
1361 372 1519 427 poeta
1541 355 1674 407 inter

71 464 227 501 cetera
245 445 364 527 stili
384 444 479 519 fici
511 447 621 501 otia
654 445 903 498 Pinacem
939 442 1130 498 Cebetis
1163 447 1426 518 explicuit.
1472 442 1673 500 Medea

70 533 289 612 Hostdii
326 535 463 590 Getae
479 577 499 604 ,
537 530 634 610 qui
667 528 889 588 Claudii
922 531 1062 607 Imp.
1089 532 1440 608 temporibus
1480 532 1671 603 vixit,

73 621 339 703 cujusque
388 622 760 702 fragmentum
810 620 1126 680 Scriverius
1181 622 1354 679 edidit
1379 667 1395 695 ,
1425 624 1677 681 versibus

73 711 278 792 scripta
328 713 404 773 est
440 712 701 771 Heroicis
724 757 742 785 ‚
780 713 1035 792 adeoque
1075 711 1146 770 ab
1183 713 1387 771 Ovidii
1438 715 1633 773 Medea
1657 761 1676 787 ‚

73 823 202 881 quae
235 801 493 862 Jambicis
529 801 843 880 composita
871 816 989 860 erat
1007 846 1025 874 ,
1052 817 1200 862 certe
1233 802 1467 862 diversa.
1493 804 1579 861 Ab
1606 823 1677 861 eo

74 906 333 971 tempore
371 896 549 954 Proba
585 892 838 973 quaedam
863 908 1166 951 centonem
1193 913 1265 950 ex
1286 892 1532 973 Virgilio
1557 940 1575 966 ‚
1613 894 1681 953 de

73 981 285 1043 fabrica
308 983 589 1043 mundi&
608 983 969 1064 Evangeliis,
997 982 1303 1063 pleniffime
1335 985 1616 1064 expreffit.

160 1162 324 1222 Hanc
369 1168 650 1222 Centonum
687 1169 744 1221 V
741 1168 1105 1243 irgilianorum
1138 1163 1420 1222 Poetriam
1445 1208 1463 1237 ‚
1502 1166 1684 1244 genti-

79 1248 219 1309 lium
268 1253 514 1311 carmina
557 1255 628 1313 ad
677 1252 1007 1333 obsequium
1045 1250 1174 1311 fidei
1217 1268 1683 1334 retorquentem,

80 1346 394 1401 Falconiam
430 1349 694 1419 Probam‚
722 1345 910 1406 civem
945 1346 1256 1403 Hortanam
1286 1389 1302 1417 ‚
1342 1367 1461 1405 non
1499 1350 1686 1404 Falto-

81 1440 230 1493 niam
262 1437 648 1516 appellandam
684 1437 788 1496 effe
812 1482 833 1509 ,
870 1457 976 1495 nec
1021 1457 1149 1495 cum
1186 1441 1391 1494 Anicia
1435 1440 1688 1494 Falconia

84 1530 259 1585 Proba
284 1573 301 1600 ‚
325 1527 498 1587 trium
526 1519 1044 1587 Consulum'matre
1082 1525 1192 1607 (de
1231 1547 1340 1605 qua
1373 1525 1633 1583 Baltellus
1667 1535 1686 1562 ¹

84 1617 144 1676 in
181 1620 297 1678 diff.
342 1622 409 1679 de
444 1621 791 1702 sarcophago
830 1641 1152 1681 marmoreo
1192 1621 1367 1679 Probi
1400 1618 1588 1677 Anicii
1626 1620 1691 1678 &

30 1750 38 1756 -
85 1709 151 1768 &
173 1710 372 1768 Probae
398 1710 667 1770 Faltoniae
691 1712 750 1768 in
773 1712 988 1790 templo
1011 1710 1291 1769 Vaticano
1316 1710 1486 1766 Rom.
1519 1725 1690 1787 1705,

89 1799 190 1881 8.)
236 1823 338 1860 nec
365 1824 490 1861 cum
524 1809 736 1862 Valeria
759 1809 934 1862 Proba
961 1823 1143 1861 uxore
1176 1800 1379 1859 Adelfii
1402 1802 1638 1858 Proco3.
1667 1811 1692 1837 2

87 1892 394 1971 quidquam
426 1893 629 1951 habere
653 1914 955 1952 commune
975 1938 992 1964 ‚
1020 1894 1188 1951 docet
1221 1890 1398 1951 Justus
1425 1893 1462 1947 F
1468 1890 1692 1948 oritani-

90 1983 151 2041 ni
174 1982 299 2042 libr.
328 2005 378 2042 2.
403 1985 469 2041 de
490 1984 930 2063 Antiquitatibus
951 1985 1149 2041 Hortae
1176 1981 1466 2053 Coloniae,
1494 2003 1612 2059 cap.
1647 2003 1694 2040 1.

92 2075 172 2157 sq.
207 2088 227 2129 3
260 2097 598 2158 oppugnans
638 2077 923 2134 Thomam
962 2075 1031 2133 de
1073 2073 1431 2132 Simeonibus
1454 2118 1472 2146 ‚
1504 2073 1605 2152 qui
1633 2073 1693 2130 in

92 2273 238 2323 riusin
251 2272 414 2339 fragm.
433 2269 860 2337 vett.Tragicorum
933 2284 1014 2335 45.
1046 2287 1090 2333 p.
1122 2283 1231 2335 215.
1261 2268 1312 2316 δι
1339 2269 1386 2314 in
1413 2265 1534 2315 Pauli
1558 2265 1697 2315 Arin-

96 2342 343 2391 latinorum
376 2358 422 2404 p.
465 2339 568 2399 187.
600 2355 704 2404 190.
723 2337 859 2386 testa·
935 2338 1012 2403 ghi
1033 2337 1187 2384 Roma
1219 2335 1501 2384 subterranea
1526 2333 1597 2392 II,
1624 2352 1697 2385 10.

98 2422 170 2456 tus
198 2410 423 2474 integrum
447 2406 576 2454 fuiffe
597 2424 669 2472 ap.
695 2404 862 2453 Salma-
935 2422 980 2470 p.
1011 2404 1113 2452 181.

94 2476 231 2534 sium,
244 2479 385 2541 quiex
403 2471 703 2523 vetustiffimis
717 2490 864 2521 mem·
1006 2490 1032 2519 2
1070 2470 1146 2520 Cf.
1181 2468 1511 2533 Ephemerides
1545 2468 1701 2517 erudi-

98 2544 251 2593 branis
280 2543 465 2609 vulgare
489 2542 649 2590 voluit.
935 2551 1086 2586 torum
1105 2537 1240 2586 Paris.
1270 2555 1311 2585 a.
1350 2535 1487 2600 1694.
1517 2554 1562 2601 p.
1589 2554 1699 2601 249.

191 2627 210 2657 1
271 2611 504 2658 Memoires
561 2610 612 2656 de
664 2609 863 2655 Trevoux
937 2603 1001 2671 sq.
1031 2604 1081 2654 ἃ
1105 2603 1295 2670 pagium
1321 2621 1373 2652 ac
1392 2602 1516 2651 Sam.
1534 2603 1701 2651 Basna-

110 2676 249 2742 1708.
274 2695 320 2742 p.
340 2676 450 2742 876.
482 2675 559 2724 De
573 2676 742 2724 Anicio
758 2673 864 2723 Pro·
938 2675 1064 2739 gium
1090 2672 1147 2720 ad
1172 2691 1214 2720 a.
1246 2670 1302 2720 C.
1332 2687 1438 2737 395.
1466 2668 1614 2718 Notas
1642 2669 1702 2718 ad

102 2745 167 2793 bo
187 2744 402 2810 praefeeio
431 2743 647 2792 Psaetorio
677 2741 756 2790 sub
777 2742 867 2790 Va·
939 2738 1243 2806 Augustinum
1268 2737 1330 2788 T.
1373 2756 1414 2786 2.
1451 2737 1522 2785 ed.
1551 2736 1702 2788 Amst.

103 2813 386 2870 lentiniano‚
420 2811 658 2874 Probaque
692 2827 864 2869 uxore,
938 2825 983 2873 p.
1025 2806 1136 2874 289.
1180 2805 1372 2871 Pagium
1401 2806 1537 2852 etiarn
1565 2805 1624 2853 ad
1656 2823 1701 2855 a.

104 2883 196 2938 lac.
232 2879 501 2929 Gronovius
526 2894 640 2926 tom.
670 2876 736 2925 ΙΠ
760 2877 868 2924 the-
940 2893 973 2935 4
1045 2914 1055 2924 .
1091 2892 1136 2922 n.
1166 2891 1214 2936 7.

107 2946 218 2994 sauri
236 2947 458 3011 antiquitt.
475 2945 746 2995 Graecarum
771 2960 866 2992 rrrr.
1016 2957 1038 3007 3
1076 2940 1194 2990 Abia
1226 2938 1366 2988 Erud.
1408 2955 1544 3006 1709.
1580 2957 1626 3004 p.
1654 2937 1700 2987 6.

109 3013 275 3063 Probae
319 3012 549 3079 Probique
588 3012 783 3060 tumulus
825 3012 870 3058 in
943 3010 1178 3059 Memoires
1214 3010 1265 3055 de
1306 3008 1516 3054 Trevoux.
1563 3005 1704 3068 1708.

110 3079 282 3131 Ferreti
323 3080 466 3131 Musis
509 3080 733 3148 lapidariis
771 3077 836 3128 111
858 3115 873 3140 ,
945 3095 991 3144 p.
1027 3093 1170 3145 ¹904·
1195 3074 1412 3126 Giornale
1441 3073 1516 3124 de’
1538 3073 1707 3124 lettera-
