2165 3792
793 212 1172 274 'CIRJS.

185 348 427 433 Credere}
447 367 582 428 quam
603 365 734 407 tanto
758 346 934 406 scelere
957 349 1171 406 damnare
1190 344 1427 426 puellam?

188 445 292 499 Heu
319 460 468 499 tamen
490 440 652 500 infelix
677 440 829 521 (quid
851 441 973 499 enim
1000 440 1306 522 imprudentia
1327 437 1587 518 prodest3)

189 521 305 581 Nise
331 540 486 601 pater:
512 522 617 591 cui,
641 522 821 602 direpta
841 523 1088 581 crudeliter
1109 522 1222 579 urbe
1238 567 1257 594 ,

189 612 278 669 Vix
302 611 388 670 erit
408 636 497 670 una
523 612 657 693 super
683 613 811 671 sedes
840 613 885 672 in
916 615 1114 672 turribus
1139 612 1275 683 alti5‚

185 702 340 760 Feffus
366 701 445 760 ubi
469 703 699 763 εκίὶτιιᾶο
725 705 860 786 poffis
884 705 1123 762 confidere
1151 704 1282 762 nido.

187 793 261 848 Tu
290 805 510 871 quoque,
530 793 625 850 avis
643 837 658 860 7
681 793 912 852 moriere:
939 793 1066 851 dabit
1087 792 1170 851 tibi
1197 793 1289 850 filia
1312 815 1488 871 poenas.

189 882 405 940 Gaudete
421 928 437 952 ‚
457 906 488 941 o
511 883 685 941 celeres
704 927 718 950 ‚
739 883 942 941 subnixae
967 882 1159 941 nubibus
1178 881 1279 940 altis
1296 924 1314 949 ‚

187 975 315 1046 Quae
336 988 489 1043 mare,
513 999 615 1055 quae
638 974 806 1033 virides
826 975 956 1032 filvas
973 1019 988 1042 ‚
1012 974 1237 1053 lucosque
1260 973 1479 1035 sonantes

186 1065 426 1123 Incolitis:
458 1067 684 1146 gaudete,
709 1086 842 1144 vagae
863 1064 1136 1143 blandaeque
1162 1063 1405 1121 volucres:

190 1154 384 1234 Vosque
408 1158 526 1215 adeo
541 1201 555 1224 ‚
584 1155 763 1213 humani
787 1173 969 1213 mutatae
992 1152 1206 1233 corporis
1230 1174 1348 1211 artus

190 1250 292 1304 Vos
315 1273 345 1306 o
371 1250 546 1307 crudeli
567 1249 767 1307 satorum
789 1249 929 1327 lege,
955 1247 1126 1326 puellae

191 1341 441 1399 Dauliades
457 1386 472 1409 ‚
494 1342 766 1417 (crudele)
793 1339 922 1397 venit
942 1338 1155 1396 cariffima
1177 1336 1312 1395 vobis

195 1434 442 1511 Cognatos
469 1456 641 1512 augens
667 1456 799 1513 reges
824 1452 1154 1510 numerumque
1178 1429 1366 1486 suorum

193 1519 347 1594 Ciris,
372 1521 422 1579 &
439 1522 535 1601 ipse
557 1542 711 1601 pater:
741 1545 854 1588 νος,
883 1544 913 1578 ο
940 1517 1247 1598 pulcherrima
1268 1515 1505 1595 quondam

193 1612 441 1690 Corpora,
464 1614 682 1670 caeruleas
705 1612 965 1691 praevertite
992 1610 1037 1667 in
1063 1610 1230 1667 aethera
1253 1611 1430 1676 nubes,
1465 1668 1467 1672 .

193 1703 300 1778 Qua
323 1727 471 1762 novus
496 1704 553 1761 ad
579 1704 790 1784 supersim
817 1703 946 1761 sedes
970 1701 1218 1760 Calcheius
1235 1745 1250 1768 ‚
1275 1699 1325 1759 ἃ
1352 1723 1441 1781 qua

194 1797 404 1856 Candida
431 1797 675 1855 concessos
700 1797 945 1854 adscendat
968 1795 1090 1852 Ciris
1111 1794 1336 1852 honores.

271 1895 459 1969 Jamque
488 1891 607 1948 adeo
632 1890 756 1947 dulci
779 1889 1014 1946 devinfilus
1039 1885 1212 1944 lumina
1237 1886 1402 1944 somno

192 1979 330 2039 Nisus
358 2000 480 2039 erat:
507 1980 797 2060 vigilumque
822 1980 988 2060 procul
1010 1978 1213 2036 custodia
1236 1976 1394 2058 primis

193 2073 419 2132 Excubias
445 2073 622 2132 foribus
648 2073 797 2131 studio
822 2072 1016 2150 ja&abat
1040 2069 1199 2128 inani:

108 2222 111 2225 ,
192 2168 316 2222 Cum
338 2165 492 2222 furtim
522 2163 664 2223 tacito
696 2165 983 2222 descendens
1008 2161 1164 2242 Scylla
1187 2158 1331 2218 cubili

193 2253 394 2312 Auribus
416 2253 601 2311 arreffis
626 2253 850 2311 nofsurna
875 2251 1054 2310 filentia
1078 2270 1255 2309 tentat:

193 2345 252 2399 Et
277 2342 427 2419 preffis
452 2361 637 2399 tenuem
662 2342 934 2421 singultibus
957 2364 1060 2398 aera
1087 2360 1255 2420 captat.

193 2435 314 2488 Tum
336 2430 549 2510 suspensa
577 2431 736 2488 levans
759 2431 916 2509 digitis
935 2430 1124 2508 vestigia
1150 2429 1307 2507 primis

196 2519 471 2597 Egreditur:
499 2522 719 2599 ferroque
741 2543 895 2577 manus
919 2539 1085 2575 armata
1108 2518 1287 2575 bidenti

197 2611 393 2669 Evolat:
422 2630 466 2667 at
490 2611 657 2668 demtae
684 2611 825 2668 subita
849 2610 895 2668 in
925 2609 1176 2667 formidine
1200 2608 1321 2666 vires

195 2702 427 2760 Caeruleas
451 2702 526 2762 sua
549 2702 665 2759 furta
688 2701 812 2782 prius
837 2702 1055 2759 testantur
1077 2702 1132 2759 ad
1153 2702 1350 2759 umbras,

194 2799 312 2853 Nam
337 2794 490 2873 quase
512 2795 568 2852 ad
592 2795 785 2875 patrium
811 2795 1031 2853 tendebat
1055 2794 1210 2852 semita
1230 2794 1408 2863 limen‚‘

195 2885 436 2943 Vestibulo
462 2884 508 2942 iu
525 2885 709 2943 thalami
730 2886 915 2965 paulum
937 2905 1225 2954 remoratur3
1254 2886 1304 2944 ὅ(
1323 2887 1463 2946 altum

194 2975 394 3056 Suspicit
420 2977 475 3034 ad
503 2975 613 3034 culti
637 2977 836 3034 nutantia
859 2976 1000 3035 sidera
1022 2975 1176 3034 mundi
1195 3020 1211 3042 ,

196 3069 310 3127 Non
332 3086 518 3150 accepta
540 3066 627 3148 piis
649 3068 927 3149 promittens
949 3090 1137 3129 munera
1158 3067 1314 3134 Divis„

1701 225 1773 290 25

1670 458 1785 512 190

1677 1353 1792 1392 200

1680 1810 1795 1870 ²05,

1685 2269 1803 2305 210

1691 2723 1806 2783 2¹5¹
