2165 3792
413 253 494 315 70
821 238 905 293 M.
987 239 1557 298 MANJLJJ

410 366 652 444 Augusto,
674 365 792 423 fidus
817 368 976 427 nostro
1000 371 1078 448 qui
1100 370 1301 448 contigit
1326 372 1428 430 orbi
1450 399 1463 439 ;

414 458 570 516 Caesar
593 481 714 516 nunc
736 459 866 517 terris
884 504 898 527 ‚
924 461 1028 540 post
1054 463 1182 520 coelo
1210 462 1431 520 maximus
1453 463 1633 523 auctor.

414 553 625 608 Cernere
649 549 847 609 vicinum
865 552 1077 610 Geminis
1102 552 1214 610 licet
1238 555 1421 613 Oriona

411 646 464 697 In
490 663 701 720 magnam
723 642 833 700 coeli
856 644 1136 723 pandentem
1162 644 1345 704 brachia
1369 667 1545 726 partem
1560 692 1579 720 ,

410 732 516 788 Nec
536 731 682 789 minus
704 752 897 792 extento
923 734 1186 815 surgentem
1213 737 1268 795 ad
1292 736 1435 796 fidera
1459 740 1616 818 paffu:

407 821 602 902 Singula
622 824 855 903 fulgentes
877 825 1096 884 humeros
1121 827 1194 885 cui
1219 828 1390 886 lumina
1411 827 1590 908 signant
1608 872 1625 898 ‚

410 917 472 971 Et
493 915 638 973 tribus
662 917 870 995 obliquis¹
891 918 1102 975 demiffus
1124 919 1306 978 ducitur
1329 920 1462 978 ensis,
1505 944 1508 947 ’

411 1014 477 1063 At
499 1026 635 1086 caput
657 1007 809 1066 Orion
836 1008 1025 1066 excelso
1053 1006 1299 1067 immensus
1324 1012 1540 1092 Olympo

410 1101 499 1155 Per
520 1098 601 1154 tria
623 1098 848 1156 subdi-rito
874 1097 1074 1178 signatur
1096 1098 1270 1156 lumina
1295 1100 1450 1157 vultu:

410 1192 526 1248 Non
551 1192 678 1270 quod
703 1193 820 1249 clara
840 1192 990 1250 minus
1006 1237 1020 1259 .,
1038 1194 1116 1251 sed
1145 1194 1276 1272 quod
1303 1192 1447 1273 magis
1468 1193 1557 1251 alta
1575 1195 1808 1254 recedant.

408 1286 520 1343 Hoc
547 1287 664 1343 duce
688 1309 772 1365 per
794 1305 946 1343 totum
967 1285 1216 1342 decurrunt
1241 1284 1386 1342 sidera
1411 1286 1650 1342 mundum.

408 1374 712 1454 Subsequitur
737 1376 900 1454 rapido
924 1394 1145 1433 contenta
1169 1374 1390 1433 Canicula
1415 1376 1576 1443 cursu,

411 1472 521 1543 Qua
548 1471 723 1528 nullum
744 1470 872 1528 terris
901 1471 1157 1529 violentius
1181 1472 1372 1529 advenit
1397 1473 1573 1529 astrum.

409 1565 514 1621 Nec
536 1564 718 1642 gravius
746 1563 896 1622 cedit:
923 1588 1010 1622 nec
1035 1564 1231 1623 horrens
1256 1563 1435 1644 frigore
1457 1564 1615 1643 surgit.

407 1654 487 1711 Sic
508 1653 555 1711 in
580 1673 824 1734 utrumque
846 1677 1008 1713 movet
1030 1655 1249 1712 mundum
1267 1699 1281 1722 ‚
1304 1654 1353 1713 Sc
1377 1656 1604 1713 contraria
1624 1654 1792 1714 reddit.

409 1749 513 1804 Nec
540 1771 734 1806 vacuum
757 1749 877 1806 Solis
900 1749 1159 1829 fulgentem
1181 1747 1350 1806 deserit
1376 1748 1555 1806 orbem.

407 1841 542 1895 Hanc
569 1839 646 1919 qui
670 1841 928 1920 surgentem
945 1886 960 1907 ,
988 1840 1139 1920 primo
1167 1863 1268 1896 eum
1291 1839 1497 1897 redditur
1521 1858 1661 1909 ortu,

406 1928 591 1986 Montis
616 1930 671 1987 ab
694 1931 879 1989 excelso
902 1931 1197 2010 speculantur
1221 1929 1396 1988 vertice
1415 1929 1591 1998 Tauri,

404 2024 664 2078 Proventus
689 2023 870 2103 frugum
892 2023 1046 2082 varios
1064 2068 1079 2091 ‚
1101 2023 1150 2082 ἃ
1173 2042 1384 2102 tempora
1405 2021 1595 2089 dicunt3

407 2114 625 2189 Quaeque
648 2113 867 2170 valetudo
892 2115 1078 2184 veniat,
1101 2115 1357 2171 concordia
1383 2133 1567 2192 quanta.

403 2202 533 2259 Bella
558 2203 665 2260 facit
683 2248 697 2270 ,
723 2228 979 2284 pacemque
1005 2207 1176 2271 refert,
1198 2205 1419 2283 varieque
1448 2223 1681 2261 revertens

402 2292 481 2350 Sic
500 2315 695 2363 movet,
715 2315 764 2352 ut
786 2297 936 2364 vidit,
959 2298 1174 2354 mundum
1193 2342 1208 2364 ‚
1231 2297 1457 2375 vultuque
1485 2297 1725 2374 gubernat.

401 2387 581 2466 Magna
603 2387 715 2445 fides
739 2389 832 2447 hoc
854 2390 985 2468 po-ffe
1004 2435 1019 2458 ,
1043 2390 1180 2448 color
1204 2388 1449 2467 cursusque
1473 2388 1680 2445 micantis

399 2480 449 2532 In
475 2478 655 2536 radios:
681 2480 759 2537 vix
787 2482 898 2538 Sole
923 2482 1109 2549 minor3
1134 2481 1215 2538 nifi
1241 2481 1368 2560 quod
1396 2480 1564 2560 procul
1589 2480 1766 2538 haerens

399 2567 586 2647 Fr'rgida
610 2571 812 2627 caeruleo
837 2591 1121 2651 contorquet
1145 2572 1315 2629 lumina
1340 2571 1485 2627 vultu.

398 2660 571 2716 Cetera
593 2660 839 2718 vincuntur
860 2662 1012 2742 specie
1030 2707 1045 2730 ,
1068 2686 1155 2720 nec
1176 2664 1338 2719 clarius
1359 2661 1520 2718 astrum

398 2748 616 2828 'fingitur
641 2756 834 2810 Oceano
854 2799 868 2820 ,
894 2754 1124 2810 coelumve
1148 2751 1300 2809 revisit
1320 2752 1376 2807 ab
1397 2751 1547 2807 undis,

396 2840 529 2895 Tunc
555 2845 804 2920 Procyon,
828 2843 1068 2922 veloxque
1093 2846 1272 2922 Lepus;
1298 2860 1393 2898 tum
1419 2840 1588 2897 nobilis
1612 2849 1778 2922 Arge,

394 2934 448 2987 In
476 2933 644 2990 coelum
669 2934 916 3002 subduci&
944 2935 1053 2994 mari
1082 2935 1210 3015 quod
1234 2935 1378 3014 prima
1398 2932 1630 3001 cucurrit,

390 3021 644 3079 Emeriturn
670 3023 844 3103 magnis
864 3026 1084 3083 mundum
1107 3045 1238 3083 tenet
1254 3026 1347 3082 afta
1368 3023 1617 3104 procellis:

394 3115 633 3174 Servando
659 3119 758 3174 Dea
782 3117 893 3177 facia
918 3120 1083 3187 Deos;
1107 3117 1178 3177 cui
1201 3115 1438 3199 proximus
1460 3116 1640 3195 Anguis

1913 669 2020 727 3‘95

1906 1125 2023 1172 400

1903 1589 1974 1634 40
1988 1586 2020 1641 5²

1902 2045 2019 2092 4¹0

1897 2501 2007 2559 4¹5

1892 2956 2008 3003 420
