2165 3792
453 228 567 284 104
887 206 1621 271 MMANJLJJ

444 338 708 398 Consilium
732 337 831 419 ipse
853 340 979 398 suum
1004 342 1066 399 est
1092 342 1221 400 Aries
1241 388 1257 414 ‚
1283 364 1333 402 ut
1360 343 1569 424 principe
1590 343 1781 426 dignum
1803 344 1894 414 est,
1935 348 2053 424 485

441 428 585 488 Audit
607 428 684 497 se;
707 429 977 510 Libramque
998 430 1147 492 videt:
1171 432 1401 490 frustratur
1421 436 1619 492 amando

445 523 680 588 Taurum3
706 520 938 602 Lanigero
962 522 1041 601 qui
1067 522 1271 580 fraudem
1294 524 1468 592 nestit,
1491 526 1540 584 ὃς
1563 527 1680 584 ultra

411 691 413 693 ¹
436 613 696 698 -F-ulgentes
723 612 884 681 videt,
908 634 1045 694 atque
1068 614 1193 673 audit
1213 637 1298 694 pet
1321 614 1465 673 sidera
1492 616 1639 674 Pisces
1656 661 1675 685 ‚

329 701 335 710 ’
377 701 391 711 “
419 682 640 784 *Vi'rgine
661 728 789 763 mens
812 706 1003 785 capitur.
1028 706 1104 763 Sic
1126 707 1362 784 quondam
1386 728 1574 767 vexerat
1594 729 1702 767 ante

440 797 680 873 Europam
699 796 843 854 dorso
868 795 1145 854 retinentem
1171 819 1342 854 cornua
1369 798 1514 867 laeva,

440 887 728 967 Indutusque
753 887 871 946 Jovi.
899 887 1209 946 Geminorum
1232 888 1412 947 ducitur
1431 889 1548 948 auris

440 978 515 1036 Ad
539 982 756 1036 Juvenem
780 997 974 1035 aeternas
998 977 1269 1036 fundentem
1290 979 1491 1037 Piscibus
1519 981 1690 1049 undas‚'

434 1072 583 1146 Inque
607 1066 733 1147 ipsos
756 1065 932 1124 animus
960 1066 1108 1125 Pisces
1127 1111 1143 1133 .,
1167 1066 1389 1146 oculique
1414 1072 1635 1128 Leonem.

437 1161 653 1231 Cancer,
685 1158 734 1216 ἃ
753 1158 949 1216 adverso
975 1158 1289 1238 Capricornus
1310 1159 1531 1216 conditur
1551 1160 1698 1218 astro:

433 1253 490 1308 In
513 1248 655 1307 semet
678 1269 860 1308 vertunt
882 1251 1083 1318 oculos·‚
1111 1250 1154 1307 in
1182 1269 1335 1308 mutua
1359 1254 1556 1310 tendunt

433 1341 636 1401 Auribus
657 1369 672 1409 3
697 1342 744 1400 Sc
770 1343 940 1399 Cancri
965 1362 1169 1422 captatur
1193 1343 1418 1422 Aquarius
1441 1344 1576 1402 astro,

433 1440 500 1494 At
520 1438 615 1493 Leo
641 1457 745 1491 cum
773 1434 985 1492 Geminis
1007 1436 1151 1493 aciem
1173 1436 1456 1517 conjungit,
1484 1435 1534 1495 ἃ
1557 1459 1714 1495 aurem

434 1532 677 1586 Centauro
698 1549 710 1585 z
735 1527 964 1586 Geminos
991 1528 1263 1608 Capricorni
1285 1528 1439 1610 diligit
1457 1530 1634 1588 astrum.

432 1621 643 1701 Erigone
667 1625 868 1678 Taurum
891 1622 1062 1700 spekiat
1079 1666 1094 1688 ‚
1122 1621 1198 1680 sed
1223 1621 1458 1701 Scorpion
1482 1622 1637 1690 audit,

429 1718 588 1792 Atque
608 1711 874 1794 Sagittifero
900 1733 1091 1771 conatur
1114 1713 1296 1771 neSlere
1321 1714 1541 1771 fraudem.

430 1802 565 1862 Libra
585 1804 690 1861 suos
712 1802 916 1881 sequitur
942 1802 1093 1859 sensus
1108 1848 1124 1871 ,
1148 1802 1393 1882 solumque
1415 1802 1617 1860 videndo

429 1893 709 1974 Lanigerum
729 1939 744 1961 ‚
764 1915 902 1973 atque
925 1893 1082 1953 animo
1108 1894 1354 1975 complexa
1379 1893 1440 1951 est
1466 1894 1698 1973 Scorpion
1722 1892 1852 1952 infra.

425 1987 515 2045 Ille
539 1985 666 2044 videt
695 1987 840 2045 Pisces
857 2031 871 2052 ‚
895 1987 1090 2066 oditque
1111 2009 1194 2066 per
1218 1986 1376 2045 omnia
1397 1985 1591 2044 Libram.

428 2080 533 2136 Nec
565 2102 661 2137 non
686 2079 958 2136 Arcitenens
985 2100 1156 2158 magno
1178 2101 1339 2157 parere
1364 2078 1512 2136 Leoni

428 2170 628 2229 Auribus
649 2215 664 2238 ‚
686 2191 822 2249 atque
850 2172 997 2229 oculis
1021 2170 1167 2227 sinum
1187 2170 1424 2229 fundentis
1449 2169 1622 2249 Aquari

428 2263 722 2344 Conspicere
743 2264 964 2329 assuevit,
991 2264 1231 2341 solamque
1258 2286 1313 2320 ex
1339 2263 1551 2319 omnibus
1571 2261 1694 2319 astris

425 2357 597 2438 Diligit
623 2358 878 2437 Erigonen.
906 2358 1083 2412 Contra
1109 2354 1423 2434 Capricornus
1450 2353 1494 2409 in
1522 2352 1671 2432 ipsum

426 2447 682 2505 Convertit
707 2446 854 2506 visus:
884 2446 996 2522 quid
1020 2443 1140 2502 enim
1167 2443 1404 2501 mirabitur
1429 2443 1509 2500 ille

421 2537 577 2615 Maius
595 2582 609 2605 ,
633 2537 679 2595 in
708 2538 893 2616 Augusti
920 2536 1030 2594 felix
1053 2558 1155 2592 cum
1180 2534 1355 2593 fulserit
1377 2542 1563 2593 ortum?

420 2629 625 2687 Auribus
650 2630 700 2688 δι
722 2628 884 2687 summi
909 2648 1057 2709 captat
1083 2626 1257 2707 fastigia
1280 2626 1463 2685 Cancri.

419 2726 483 2780 At
505 2725 647 2781 nudus
671 2722 878 2782 Geminis
901 2719 1094 2779 intendit
1118 2719 1345 2798 Aquarius
1368 2741 1522 2776 aurem
1537 2763 1554 2787 ‚

418 2812 768 2893 sublimemque
793 2812 909 2870 colit
933 2815 1158 2868 Cancrum
1176 2854 1190 2876 ‚
1214 2810 1477 2888 spefitatque
1502 2808 1685 2867 redu&

416 2901 536 2958 Tela
558 2901 825 2982 Sagittiferi.
852 2901 1003 2958 Pisces
1025 2901 1081 2957 ad
1108 2898 1339 2978 Scorpion
1362 2921 1515 2955 acrem

415 2990 647 3049 Direxere
672 2992 816 3050 aciem
835 3035 851 3058 ‚
872 2990 1158 3070 cupiuntque
1185 2991 1424 3048 attendere
1444 2993 1665 3055 Taurum,

414 3085 510 3146 Has
531 3105 688 3145 natura
706 3082 832 3147 vices
853 3081 1043 3166 tribuit,
1067 3104 1170 3142 cum
1199 3080 1342 3142 sidera
1370 3079 1486 3141 fixit.

1936 816 2054 873 490

1927 1270 2039 1328 495

1930 1734 2040 1790 500

1927 2188 2034 2245 505

1922 2650 2032 2704 510

1917 3097 2030 3157 5¹5·
