2165 3792
380 237 523 295 '26
845 232 915 294 P.
1003 240 1632 298 VIRGILII

441 367 596 441 Quam
620 363 750 422 fimul
771 367 952 447 Ogygii
976 369 1205 428 Phoenicis
1231 369 1324 428 filia
1352 374 1520 429 Carme
1929 385 2051 432 '220‘

441 459 645 535 Surgere
667 456 803 515 senfit
823 482 935 516 anus
957 458 1198 540 (sonitum
1222 484 1322 518 nam
1347 460 1519 518 fecerat
1542 459 1612 517 illi

441 549 721 607 Marmoreo
743 569 907 607 aeratus
928 551 1115 608 stridens
1135 552 1184 609 in
1208 551 1362 609 limine
1386 548 1575 629 cardo)

441 636 656 716 Corripit
678 641 916 719 extemplo
942 640 1095 699 fessam
1115 643 1344 721 languore
1366 641 1599 720 puellam:

437 729 500 783 Et
521 725 650 784 fimul
670 772 687 796 ‚
707 754 738 787 o
763 730 897 788 nobis
919 730 1091 789 sacrum
1114 752 1278 812 caput,
1303 731 1452 811 inquit
1469 778 1484 802 ‚
1507 733 1717 792 alumna:

439 820 558 877 Non
580 820 663 878 tibi
687 821 998 901 nequidquam
1021 823 1178 882 viridis
1202 848 1286 904 per
1309 824 1481 883 viscera
1502 825 1656 906 pallor
1937 844 2043 902 225

440 917 662 992 AEgrotas
685 915 811 973 tenui
834 916 1023 975 suffudit
1050 917 1272 997 sanguine
1292 942 1463 988 venas;

440 1006 547 1062 Nec
575 1006 691 1064 levis
713 1008 829 1066 hanc
853 1008 1018 1067 faciem
1042 1009 1238 1090 (neque
1261 1012 1381 1069 enim
1404 1011 1565 1092 pote)
1591 1034 1696 1071 cura
1718 1010 1926 1093 subegit:

438 1099 576 1156 Haud
596 1100 767 1172 fallor,
790 1103 918 1181 quod
945 1125 989 1162 te
1012 1103 1167 1184 potius
1191 1104 1463 1163 Rhamnufia
1480 1105 1615 1163 fallit.

439 1193 561 1250 Nam
585 1216 672 1272 qua
695 1213 741 1252 te
766 1195 895 1253 causa
919 1220 1004 1255 nec
1029 1197 1177 1255 dulcis
1205 1198 1376 1278 pocula
1395 1197 1596 1265 Bacchi,

442 1283 546 1340 Nec
569 1284 789 1363 gravidos
814 1285 1000 1345 Cereris
1022 1286 1173 1345 dicam
1195 1287 1477 1367 contingere
1502 1285 1673 1344 foetus?
1938 1307 2059 1360 230

444 1377 554 1449 Qua
576 1375 708 1434 causa
731 1377 786 1434 ad
809 1377 1000 1457 patriam
1025 1378 1171 1436 solam
1196 1378 1390 1458 vigilare
1417 1377 1570 1436 cubile
1589 1422 1607 1446 ‚

440 1470 683 1548 Tempore
710 1492 809 1548 quo
832 1469 961 1528 fessas
988 1470 1200 1528 mortalia
1223 1471 1411 1550 pe&ora
1438 1493 1600 1537 curm,

440 1561 562 1634 Quo
587 1560 774 1640 rapidos
799 1562 934 1620 etiam
960 1562 1259 1641 requiescunt
1283 1560 1469 1620 flumina
1499 1560 1687 1619 cursus?

441 1652 537 1709 Dic
557 1676 644 1732 age
670 1677 791 1711 nunc
813 1655 989 1712 miserae
1010 1655 1200 1723 saltem,
1225 1655 1355 1734 quod
1381 1653 1502 1732 saepe
1528 1652 1710 1733 petenti

443 1744 630 1803 Iurabas
657 1743 770 1801 nihil
794 1746 884 1803 effe
908 1744 1018 1802 mihi
1041 1790 1055 1812 ,
1077 1769 1180 1803 cum
1207 1745 1364 1803 moesta
1388 1742 1595 1823 parentis
1938 1766 1966 1800 2
1984 1762 2049 1818 35

442 1836 698 1895 Poamosos
720 1839 891 1895 circum
914 1837 1048 1917 virgo
1073 1859 1310 1896 morerere
1332 1835 1572 1915 capillos?

442 1932 551 1987 Heu
575 1929 711 1994 mihi,
741 1953 797 1987 ne
817 1930 951 1988 furor
974 1927 1056 1987 ille
1076 1949 1182 1988 tuos
1205 1926 1422 1987 invaserit
1439 1946 1560 1985 artus
1578 1969 1596 1993 ‚

443 2020 565 2085 Ille,
592 2018 748 2076 Arabis
770 2019 980 2099 Myrrhae
1003 2020 1242 2100 quondam
1267 2017 1347 2098 qui
1371 2017 1496 2096 cepit
1523 2014 1738 2084 ocellos;

445 2114 513 2168 Ut
535 2111 708 2169 scelere
732 2111 927 2169 infando
948 2156 963 2178 ,
986 2112 1114 2190 quod
1138 2133 1223 2168 nec
1250 2108 1356 2166 finit
1379 2105 1577 2165 Adrastia
1595 2149 1611 2173 ,

445 2203 636 2261 Laedere
656 2223 903 2283 utrumque
924 2225 1022 2260 uno
1044 2201 1218 2259 studeas
1241 2221 1401 2257 errore
1424 2217 1679 2277 parentem.
1942 2210 2059 2258 240

445 2296 597 2367 Quod
622 2293 653 2350 fi
674 2294 770 2352 alio
795 2293 964 2373 quovis
986 2292 1144 2349 animo
1166 2291 1340 2369 jaffirls
1363 2310 1554 2346 amorez

447 2388 566 2442 Nam
590 2403 636 2442 te
657 2382 838 2462 wilari,
862 2406 958 2442 non
985 2384 1045 2441 est
1069 2379 1325 2440 Amathufia
1353 2379 1494 2437 nostri

449 2478 567 2533 Tam
591 2473 746 2542 rudis,
767 2496 818 2532 ut
847 2474 978 2531 nullo
1005 2473 1166 2552 poffim
1193 2470 1489 2552 cognoscere
1519 2467 1686 2548 figr103

449 2567 531 2624 Sin
556 2565 795 2624 concessus
817 2588 947 2623 amor
969 2583 1088 2622 noto
1115 2583 1160 2622 te
1183 2582 1380 2621 macerat
1403 2561 1541 2640 igne:

449 2661 541 2715 Per
564 2657 648 2716 tibi
672 2657 917 2737 Dielynnae
940 2656 1181 2735 praesentia
1207 2655 1391 2712 numina
1413 2653 1520 2730 juro
1538 2695 1555 2719 ‚
1945 2667 2053 2725 245

451 2749 602 2806 Prima
626 2754 776 2806 Deum
805 2771 909 2827 quae
931 2766 978 2805 te
1004 2746 1115 2803 mihi
1138 2747 1318 2803 dulcem
1344 2746 1490 2802 donat
1511 2742 1774 2811 alumnam}
2036 2744 2039 2746 ’

455 2838 630 2895 Omnia
650 2862 723 2896 me
743 2839 900 2917 potius
922 2835 1059 2916 digna
1080 2854 1217 2915 atque
1245 2833 1432 2914 indigua
1452 2833 1665 2890 laborum

454 2928 613 2987 Millia
631 2929 827 2987 visuram
845 2975 859 2997 ,
883 2951 1018 3007 quam
1043 2947 1090 2986 te
1116 2947 1204 2985 tam
1227 2926 1421 2985 tristibus
1443 2923 1536 2982 istis

455 3018 684 3079 sordibus
705 3019 753 3078 &
782 3018 928 3077 scoria
951 3019 1093 3099 patiar
1115 3019 1350 3076 tabescere
1373 3014 1466 3073 tall.

538 3115 651 3174 Haec
669 3111 902 3193 loquitur:
927 3110 1156 3191 mollique
1179 3129 1228 3168 ut
1253 3108 1300 3168 fe
1323 3106 1498 3166 velavit
1518 3104 1683 3166 amiclu
1701 3148 1722 3173 ,
1944 3125 1973 3158 2
1988 3124 2008 3181 5
2022 3121 2058 3160 ο
