2165 3792
413 209 555 270 DE
615 211 680 267 P.
754 209 1277 267 VIRGILIO.
1535 226 1645 290 235

47 340 123 422 gii
144 340 203 399 in
225 341 509 421 Georgica
533 338 988 400 Commentarius
1027 339 1132 397 fuit
1161 340 1219 398 in
1261 338 1401 399 Bibl.
1426 340 1651 419 Marqu.

51 430 242 489 Gudii.
272 431 542 490 Gnifonis
581 432 642 490 &
676 427 922 489 aliorum
963 443 1221 490 veterum
1260 427 1652 490 commentarii

52 542 171 582 non
212 523 461 581 tulerunt
498 534 733 581 aetatem.

132 697 546 777 Georgicorum
574 693 872 772 scriptores
903 706 1122 753 veteres
1161 691 1484 772 deperditos
1510 692 1655 752 bene

49 789 259 848 multos
283 834 300 862 ‚
336 788 431 868 qui
465 791 666 846 Graece
704 787 948 845 maxime
982 788 1048 845 de
1089 809 1149 845 re
1192 786 1394 845 rustica
1419 786 1655 866 scripse-

49 893 182 936 runt
205 922 222 951 ,
261 877 512 936 referunt
546 881 733 935 Varro
755 924 772 949 ,
802 877 1124 936 Columella
1149 923 1166 951 ,
1201 877 1415 935 Plinius
1440 922 1457 949 ‚
1486 878 1657 936 Athe-

50 988 203 1027 naeus
221 1011 238 1042 ,
264 967 328 1027 δὲ
369 969 759 1049 Geoponicon
793 968 986 1026 audior
1011 990 1024 1025 ε
1052 967 1237 1046 plures
1279 968 1509 1048 collegit
1532 967 1657 1026 Ful-

51 1057 178 1117 vius
212 1059 446 1120 Urfinus
481 1062 539 1119 in
568 1059 814 1140 Virgilio
858 1081 985 1117 cum
1028 1059 1244 1118 Graecis
1289 1060 1659 1139 scriptoribus

54 1147 271 1207 collato
308 1171 430 1230 pag.
472 1151 563 1210 82.
601 1150 677 1230 sq.
715 1171 745 1208 e
785 1169 901 1229 quo
936 1148 1064 1207 illos
1095 1153 1207 1208 hoc
1245 1150 1379 1208 loco
1413 1171 1661 1208 comme-

51 1259 274 1297 morare
309 1239 483 1317 juvat.
514 1261 546 1295 <⁴
572 1245 819 1300 Fuerunt
844 1239 1033 1318 itaque
1061 1241 1376 1315 AEsclzrion‚
1410 1243 1661 1316 Agatho-

52 1336 150 1389 cles
188 1332 363 1392 Chius
391 1379 408 1407 ,
441 1337 845 1412 Amphilochius
891 1333 1240 1390 Atheniensis
1264 1378 1284 1403 ,
1323 1337 1663 1409 Anaxipolis

51 1416 287 1482 Thasius
311 1471 328 1498 ,
364 1430 702 1499 Androtion,
741 1422 899 1501 cujus
939 1423 1195 1481 meminit
1237 1421 1665 1500 Theophrastus

55 1514 151 1573 lib.
201 1527 305 1594 περὶ
346 1526 507 1590 φυτῶν
534 1526 775 1594 ἱστορίας,
812 1518 875 1574 &
912 1516 1220 1574 Athenaeus
1256 1515 1351 1574 lib.
1392 1532 1444 1590 3.
1488 1519 1663 1572 Anti-

51 1607 535 1685 gonus-Cymaeus
574 1604 691 1663 five
734 1607 1023 1664 Cumanus
1048 1652 1066 1677 ,
1106 1612 1464 1684 Apollodorus
1493 1609 1662 1664 Lem-

55 1699 180 1755 nius
204 1743 222 1769 ,
249 1696 403 1775 cujus
433 1696 495 1754 fit
519 1697 734 1755 mentio
761 1700 908 1777 apud
941 1699 1301 1757 Aristotelem
1322 1699 1381 1756 in
1407 1697 1664 1756 Politicis

55 1793 120 1849 &
136 1791 379 1849 Plinium
402 1790 496 1848 lib.
529 1789 582 1848 8.
608 1795 932 1868 Apollonias
957 1795 1328 1871 Pergamenus
1345 1837 1365 1863 ,
1391 1792 1665 1866 Archytas

56 1883 395 1944 Tarentinus
421 1883 834 1964 Pythagoreus,
863 1885 1124 1964 quamvis
1152 1883 1322 1942 alium
1347 1882 1666 1962 Archytam

57 1976 352 2055 Diogenes
390 1976 640 2036 Laertius
680 1976 852 2035 refert
893 1974 1177 2056 Georgica
1211 1975 1472 2054 scripfiffe
1497 2018 1516 2047 ,
1541 1993 1662 2031 non

58 2067 427 2126 Tarentinum
470 2066 633 2125 illum
660 2112 677 2140 ‚
721 2068 819 2146 qui
867 2068 1249 2147 Pythagoram
1289 2067 1504 2126 secutus
1546 2063 1664 2123 est:

59 2162 426 2245 Aristomenes,
444 2160 818 2241 Aristophanes
842 2158 1104 2224 Mallotes
1122 2203 1139 2231 ,
1162 2158 1275 2216 five
1294 2202 1312 2230 ,
1335 2171 1399 2215 ut
1416 2156 1492 2215 est
1514 2153 1668 2234 apud

61 2250 308 2307 Plinium
326 2294 343 2323 ,
372 2249 619 2307 Milesius
648 2270 662 2308 z
697 2252 1008 2333 Aristander
1030 2247 1385 2307 Atheniensis
1411 2292 1427 2318 ‚
1462 2249 1665 2330 Arzsto-

61 2347 178 2400 celes
218 2339 649 2419 Peripateticus,
676 2343 1040 2420 Athenagoras
1061 2385 1078 2413 ,
1116 2345 1340 2399 Attalus
1374 2337 1666 2396 Philome-

59 2443 156 2487 tor
191 2474 209 2503 ,
253 2432 515 2487 Bacchius
561 2428 806 2487 Milesius
837 2474 854 2502 ,
900 2434 1046 2489 Bion
1089 2429 1330 2488 Solensis
1360 2474 1379 2501 ,
1441 2432 1670 2486 Clzaereas

60 2521 411 2587 Atheniensis
441 2565 459 2593 ,
504 2524 792 2606 Clzaeresteas
835 2520 1183 2578 Atheniensis
1221 2520 1315 2580 vel
1361 2518 1626 2593 Clzaeristus
1649 2557 1672 2587 ,

60 2617 101 2676 fi
123 2613 367 2674 Plinium
392 2610 719 2691 sequamur,
744 2632 910 2690 quem
932 2624 1117 2669 tamen
1145 2612 1397 2694 Chrqslnm
1421 2612 1667 2685 Euphro-

63 2712 149 2766 nis
173 2702 452 2782 appellare
487 2703 709 2761 videtur
744 2702 1064 2761 Columella
1103 2701 1198 2761 lib.
1235 2705 1274 2761 Ι.
1311 2706 1482 2762 Crates
1507 2746 1524 2775 ,
1550 2703 1668 2758 De-

65 2801 305 2857 mocritus
341 2794 632 2853 Abderites
658 2795 928 2873 Phyficus
952 2839 969 2867 ,
995 2814 1159 2873 quem
1196 2805 1301 2872 περὶ
1324 2802 1575 2872 γεωργίας
1597 2790 1669 2848 li-

64 2889 228 2950 brum
274 2886 496 2945 edidisse
541 2885 770 2945 testatur
827 2885 994 2944 etiam
1034 2885 1287 2944 Laertius
1325 2906 1338 2942 :
1386 2887 1668 2943 Diodorus

64 2978 347 3039 Prienaeus
365 3022 382 3051 ,
404 2980 563 3035 Dion
582 2976 1007 3054 Colophonius,
1027 2976 1331 3055 Dionyfizis
1348 2985 1453 3050 περὶ
1475 2983 1637 3048 φυτῶν
1650 3015 1669 3036 ‚

67 3067 186 3128 five
210 3112 229 3142 ,
265 3081 328 3128 ut
380 3068 570 3128 Petrus
606 3066 892 3126 Vistorius
930 3066 1290 3138 emendavit,
1332 3067 1622 3142 Eztplzyton
1649 3104 1667 3133 ‚
