2165 3792
555 174 956 234 LIBER
1038 179 1123 234 II.
1561 193 1640 256 93

30 305 358 386 Notitiamque
384 304 449 363 sui
465 349 481 373 ‚
506 305 690 364 minima
713 307 775 363 est
800 327 904 384 quae
926 305 1056 363 turba
1080 305 1372 384 per'orbem.'

32 397 118 455 Illa
137 395 237 454 fluit
253 442 267 464 ,
290 418 393 474 quae
416 394 596 453 divitias
612 442 626 464 ‚
647 419 752 474 quae
770 394 924 474 diligit
946 416 1104 452 aurum
1121 439 1138 462 ‚
1526 414 1682 476 1145»,

33 489 261 569 Imperia,
288 487 336 547 ἃ
358 488 495 545 fasces
512 532 527 553 ‚
554 489 843 568 mollemque
871 500 954 568 per
977 488 1072 546 otia
1095 488 1285 557 luxum,

36 583 96 637 Et
120 580 294 638 blandis
320 579 497 636 diversa
521 579 646 636 sonis
662 623 675 644 ,
699 580 977 659 dulcemque
1005 602 1089 658 per
1110 601 1239 636 aures

34 673 264 731 AffeElum
282 716 298 740 ‚
314 691 363 729 ut
382 671 574 730 modico
606 673 835 729 noscenda
858 673 913 729 ad
935 672 1021 730 fata
1047 670 1226 728 labore.

35 765 142 821 Hoc
161 785 350 841 quoque
374 762 573 818 fatorum
597 762 659 818 est
677 805 692 828 ‚
714 762 866 840 legem
890 761 1151 842 perdiscere
1174 760 1268 818 fati.

37 856 97 911 Et
120 854 313 934 primurn
335 855 552 913 astrorum
577 855 696 912 varia
718 856 779 912 est
801 874 956 913 natura
988 854 1191 912 notanda
1539 876 1647 931 150

39 946 328 1005 Carminibus
351 970 432 1026 per
457 968 701 1027 utrumque
727 970 873 1027 genus
894 974 907 1015 ·,
934 968 1033 1005 nam
1056 946 1253 1005 mascula
1275 948 1351 1006 sex
1373 946 1502 1020 sunt,

40 1035 219 1094 Diversi
243 1037 439 1096 totidem
466 1037 646 1118 generis
669 1039 750 1095 sub
774 1037 984 1117 principe
1003 1042 1188 1095 Tauro:

41 1128 208 1186 Cernis
226 1172 242 1194 ‚
268 1149 318 1185 ut
340 1129 520 1187 aversus
544 1129 782 1186 redeundo
808 1129 959 1207 surgat
981 1128 1027 1184 in
1052 1136 1243 1185 arcum?

40 1219 283 1278 Alternant
308 1242 451 1299 genus
467 1265 482 1287 ‚
507 1220 556 1278 &
576 1218 752 1276 vicibus
777 1219 1003 1276 variantur
1027 1219 1072 1275 in
1099 1219 1278 1277 orbem.

123 1314 354 1368 Humanas
374 1311 509 1368 etiam
534 1310 708 1390 species
734 1310 780 1368 in
805 1330 933 1390 parte
954 1310 1160 1368 videbis:
1539 1336 1561 1370 1
1581 1335 1602 1390 ς
1620 1330 1652 1394 5j

43 1404 148 1459 Nec
173 1425 326 1460 mores
347 1401 539 1460 distant:
564 1403 795 1481 pecudum
815 1425 915 1481 pars
940 1420 1078 1480 atque
1101 1403 1297 1461 ferarum

44 1493 287 1571 Ingenium
308 1493 498 1551 facient:
523 1516 627 1572 quae
648 1493 736 1569 jam
762 1494 975 1572 signanda
997 1493 1145 1572 sagaci

45 1584 231 1662 Singula
252 1585 353 1641 sunt
374 1580 528 1641 animo
546 1627 560 1651 ,
581 1583 771 1663 propria
792 1606 896 1661 quae
917 1583 1043 1640 sorte
1067 1583 1304 1641 feruntur:

45 1675 186 1731 Nunc
210 1673 332 1730 binis
355 1672 531 1731 insiste:
557 1674 729 1731 dabunt
755 1672 986 1753 geminata
1008 1692 1226 1753 potentes

46 1768 134 1822 Per
156 1765 331 1823 socium
356 1765 571 1824 effecius:
596 1766 788 1824 multum
815 1789 972 1824 comes
994 1766 1120 1823 addit
1143 1765 1194 1824 Sc
1218 1765 1394 1824 aufertz
1543 1774 1652 1828 160

47 1855 384 1937 Ambiguisque
405 1858 593 1925 valent,
614 1864 717 1937 quis
741 1856 844 1914 sunt
864 1856 1070 1936 collegia
1084 1900 1100 1923 ,
1123 1856 1225 1913 fatis

51 1948 356 2019 Admeritum
382 1972 659 2030 noxamque.
685 1954 817 2008 Duos
841 1972 925 2029 per
947 1947 1090 2006 fidera
1113 1947 1263 2006 Pisces
1281 1992 1298 2017 ‚

51 2042 109 2097 Et
130 2039 328 2098 totidem
349 2041 578 2099 Geminos
602 2040 780 2098 nudatis
800 2040 952 2120 aspice
976 2038 1210 2097 membris,

51 2130 134 2187 His
158 2131 407 2208 conjunfla
430 2151 583 2190 meant
601 2133 786 2190 alterno
808 2131 1160 2207 brachiaxnexu:

51 2221 275 2279 Diffimile
296 2223 358 2280 est
380 2223 468 2280 illis
491 2223 576 2282 iter
598 2224 646 2281 in
670 2224 894 2282 contraria
915 2223 1071 2281 versis.
1551 2252 1570 2285 1
1585 2235 1653 2307 65

53 2316 138 2369 Par
159 2334 373 2382 numerus
392 2339 407 2380 3
428 2313 505 2393 sed
530 2314 650 2372 enim
671 2315 820 2394 dispar
842 2338 996 2373 natura
1020 2317 1224 2375 notanda
1247 2316 1328 2376 est.

55 2405 206 2481 Arque
228 2401 327 2459 haec
349 2425 404 2459 ex
425 2402 608 2481 paribus
627 2422 733 2461 toto
761 2404 1006 2483 gaudentia
1031 2406 1171 2463 censu

57 2491 198 2573 Signa
219 2512 400 2552 meant:
426 2493 539 2551 nihil
562 2495 760 2552 exterius
781 2494 998 2552 mirantur
1014 2496 1060 2552 in
1084 2495 1186 2575 ipfis
1203 2542 1219 2565 .,

58 2586 338 2645 Amiffumve
360 2586 540 2644 dolent.
568 2588 795 2661 Quaedam
822 2587 921 2644 sunt
946 2608 1071 2667 parte
1096 2587 1272 2654 recisam

60 2684 214 2759 Atque
238 2702 293 2738 ex
314 2679 499 2736 diverso
521 2679 762 2737 commiffis
785 2703 988 2760 corpore
1012 2681 1259 2746 membri53
1552 2702 1570 2735 1
1587 2698 1660 2749 70

58 2774 123 2828 Ut
148 2771 460 2851 Capricornus
476 2816 490 2838 ‚
518 2772 568 2831 Sc
592 2772 694 2839 hic,
718 2772 797 2852 qui
823 2772 1048 2830 intentum
1069 2771 1230 2852 dirigit
1253 2794 1405 2831 arcum
1423 2819 1441 2843 .,

62 2864 243 2923 Junfihxs
271 2887 394 2943 equo
417 2890 426 2920 ε
455 2888 556 2944 pars
579 2864 684 2923 huic
708 2864 906 2922 hominis
924 2910 938 2932 ‚
964 2865 1042 2923 sed
1071 2864 1194 2921 nulla
1218 2862 1380 2943 priori.

61 2956 166 3011 Hoc
186 2977 378 3034 quoque
399 2955 667 3013 servandum
690 2954 752 3012 est
781 2947 866 3012 alta
892 2953 1133 3011 discrimen
1157 2953 1202 3010 in
1224 2977 1357 3014 arce:

66 3043 205 3104 Distat
225 3045 347 3104 enim
366 3092 381 3115 ‚
405 3044 701 3129 gemina'duo
727 3044 809 3104 sint
826 3091 842 3116 ,
863 3045 1058 3126 duplane
1081 3046 1244 3125 figura.
