2165 3792
327 179 412 245 'M.
452 174 860 242 MANIL'JI
907 176 1201 244 LIBER
1253 187 1367 247 III.
1528 194 1650 244 '121'

48 311 384 393 Immiffumque
406 313 570 375 fretum
595 311 725 369 terris
744 357 760 380 ‚
782 310 869 369 iter
891 311 1094 390 aequoris
1113 313 1278 371 undis:
1571 335 1648 376 no,

47 406 162 462 Non
186 428 317 485 reges
342 425 551 481 magnos,
573 401 737 482 Spatio
761 402 940 478 majore
963 402 1167 459 canenda
1187 445 1203 469 ‚

46 499 202 572 Quam
219 497 250 554 fi
276 496 387 554 tafra
413 495 578 572 loquar
596 538 610 562 ,
633 499 850 552 Romanae
873 492 1024 572 gentis
1049 493 1224 573 origo;

44 587 278 667 (Totque
301 589 440 645 duces
463 584 589 643 orbis
605 629 619 652 ‚
643 604 715 643 tot
736 584 888 651 bella,
909 604 982 641 tot
1006 584 1101 642 otia
1116 628 1132 652 ,
1153 584 1202 643 &
1223 584 1377 643 omnis

40 683 95 737 In
119 679 284 759 populi
307 677 439 736 unius
464 677 593 757 leges
615 696 664 734 ut
686 675 865 734 cefferit
887 675 1011 733 orbis
1028 675 1088 755 ‚)

41 770 290 827 Differtur:
311 768 447 826 facile
470 767 532 824 est
554 766 706 824 ventis
730 766 839 824 dare
864 766 968 823 vela
993 765 1235 835 secundis;
1569 790 1640 845 25

0 937 2 939 ‚
41 859 421 938 foecundumque
442 858 593 915 solum
614 857 760 915 varias
781 857 954 936 agitare
977 881 1060 937 per
1079 878 1196 916 artes
1214 884 1229 925 ;

41 954 268 1029 Auroque
290 969 428 1030 atque
454 947 587 1007 ebori
611 949 752 1006 decus
776 949 948 1005 addere
966 993 980 1016 ,
1006 972 1106 1007 cum
1130 949 1252 1007 rudis
1275 950 1369 1031 ipsa

41 1038 268 1097 Materies
291 1038 461 1096 niteat:
486 1035 702 1116 speciofis
729 1037 936 1092 condere
960 1036 1094 1093 rebus

38 1130 256 1195 Carmina
277 1130 514 1210 vulgatum
537 1129 599 1186 est
622 1150 738 1207 opus
756 1171 770 1193 ‚
796 1127 844 1185 ἃ
866 1151 1154 1207 componere
1175 1129 1379 1209 fimplex.

38 1226 103 1281 At
122 1223 232 1281 mihi
254 1244 337 1302 per
361 1243 576 1278 numeros
595 1263 612 1286 ‚
638 1217 892 1298 ignotaque
916 1218 1102 1277 nomina
1121 1242 1274 1277 rerum
1294 1265 1308 1288 ‚
1574 1244 1647 1295 3⁰

38 1317 370 1393 Temporaque
395 1311 444 1371 δὲ
466 1310 622 1369 varios
647 1309 772 1367 casus
790 1354 804 1373 ,
834 1329 1164 1390 momentaque
1190 1310 1344 1370 mundi
1363 1356 1381 1385 ,

37 1409 258 1483 Quorum
282 1425 478 1483 quaeque
501 1402 623 1460 vices
643 1446 657 1469 ‚
681 1400 924 1480 partesque
947 1400 992 1457 in
1025 1403 1227 1480 partibus
1252 1402 1355 1482 ipsis
1373 1447 1389 1470 ‚

37 1498 317 1573 lucrandum
343 1496 437 1553 est:
462 1494 593 1572 quod
619 1493 747 1550 nosse
780 1492 935 1549 nimis:
961 1494 1090 1571 quod
1126 1494 1281 1553 dicere
1311 1494 1531 1574 quantum
1553 1495 1649 1552 est:

36 1587 258 1651 Carmine
281 1587 410 1666 quod
429 1586 655 1664 proprio:
682 1582 878 1662 pedibus
901 1584 1030 1662 quod
1050 1584 1244 1664 jungere
1271 1586 1423 1645 certiS.

34 1683 138 1739 Huc
158 1679 264 1735 ades
281 1721 296 1744 ‚
320 1701 350 1734 o
377 1676 644 1755 quicunque
666 1674 778 1732 meis
803 1674 1045 1746 advertere
1069 1675 1238 1755 coeptis
1569 1697 1636 1753 35

35 1773 208 1828 Aurem
229 1767 489 1846 oculosque
515 1767 651 1848 po‘tes
666 1809 682 1833 ,
702 1787 832 1824 veras
855 1765 905 1824 &
931 1764 1123 1846 percipe
1143 1787 1305 1824 voces⁰

33 1866 146 1921 Non
166 1862 223 1919 ad
244 1861 418 1938 juratos
437 1881 592 1939 reges,
616 1859 856 1938 Troiaque
881 1859 1094 1916 cadentes
1110 1903 1126 1927 ‚

33 1955 277 2036 Impendas
305 1953 533 2011 animum:
558 1975 645 2010 nec
669 1952 820 2010 dulcia
843 1952 1041 2010 carmina
1068 1974 1242 2031 quaeras
1260 1969 1292 2020 ξ

32 2045 204 2105 Orna‘ri
230 2069 301 2103 res
328 2044 423 2124 ipsa
447 2064 615 2123 negat,
643 2062 861 2102 contenta
886 2044 1066 2103 doceri.

32 2139 91 2194 Et
114 2137 146 2193 fi
171 2160 259 2216 qua
278 2155 464 2193 externa
488 2135 747 2193 referentur
770 2133 960 2191 nomina
985 2134 1139 2214 lingua
1155 2178 1170 2199 ‚
1566 2157 1644 2204 40

32 2230 142 2285 Hoc
167 2225 324 2306 operis
342 2272 358 2295 ‚
384 2249 480 2284 non
501 2225 617 2284 vatis
642 2225 743 2284 erit.
769 2229 879 2283 Non
905 2225 1058 2282 omnia
1082 2223 1207 2283 fleffi

31 2316 251 2381 Possunt,
276 2315 323 2372 δε
347 2314 535 2394 propria
559 2315 721 2373 melius
745 2315 824 2372 sub
848 2338 970 2373 voce
993 2335 1228 2372 notantur.

113 2408 251 2461 Nunc
274 2426 359 2482 age
379 2403 530 2460 subtili
551 2425 646 2459 rem
671 2403 886 2459 summam
909 2403 1120 2480 perspice
1143 2416 1283 2472 cura‚'

30 2502 156 2575 Quae
177 2496 259 2555 tibi
278 2496 541 2575 praecipuos
564 2494 668 2551 usus
692 2496 937 2551 monstrata
961 2493 1178 2551 ministret
1195 2536 1213 2560 ‚

30 2594 89 2648 Et
113 2610 253 2647 certas
275 2588 354 2644 det
377 2588 420 2643 in
446 2604 542 2643 arte
568 2585 661 2643 vias
687 2585 743 2641 ad
767 2585 855 2642 fata
878 2583 1079 2640 videnda
1097 2626 1114 2650 ‚
1566 2600 1637 2657 45

30 2681 77 2738 Si
100 2681 218 2738 bene
240 2676 496 2736 constiterit
516 2674 728 2755 vigilanti
752 2674 940 2731 condita
964 2673 1112 2730 sensu.

29 2770 314 2850 Principium
337 2791 486 2826 rerum
513 2767 562 2826 ἃ
587 2767 738 2824 custos
762 2784 918 2823 natura
943 2765 1197 2831 latenturm

31 2865 152 2919 Cum
177 2879 320 2919 tantas
342 2860 528 2917 strueret
550 2857 699 2915 moles
723 2879 805 2935 per
830 2854 1000 2912 moenia
1024 2853 1182 2912 mundi
1200 2897 1217 2922 ‚

29 2952 90 3011 Et
110 2948 385 3030 circumfusis
412 2949 572 3006 orbem
600 2946 906 3006 concluderet
924 2945 1046 3003 astris

31 3043 252 3122 Undique
275 3041 560 3122 pendentem
587 3039 631 3099 in
656 3039 855 3103 medium
875 3085 890 3110 ‚
914 3037 1186 3119 diversaque
1212 3037 1414 3100 membra
1556 3057 1636 3118 50
