2165 3792
431 229 574 284 DE
635 231 701 285 P.
773 228 1284 288 VIRGILIO.
1551 250 1660 308 273

70 357 183 437 jam
225 355 364 414 olim
404 378 524 415 non
570 356 747 416 defuit
788 353 1028 432 scriptor
1066 358 1412 436 Anonymus
1455 355 1515 415 in
1550 359 1667 416 Ed-

71 447 268 506 mundi
299 449 554 505 Martene
600 465 752 504 nova
787 443 1126 502 colleffione
1167 463 1422 505 veterum
1458 469 1669 507 monu-

70 554 392 597 mentorum
413 539 481 597 T.
507 558 557 614 3.
585 559 638 615 p.
658 555 789 616 905.
814 535 911 615 qui
930 542 1380 597 inconvincibilem
1406 546 1669 616 reprelien-

51 631 298 712 sionibus
322 627 614 688 contendit
638 630 966 686 Maronem:
990 628 1220 707 perinde
1244 644 1304 686 ut
1328 645 1547 707 patrum
1575 653 1674 690 no·

71 716 312 776 strorum
342 715 611 775 memoria
643 714 964 774 Franciscus
1004 719 1248 775 Macedo
1284 719 1534 775 Mantuae
1573 721 1672 777 de-

67 807 356 868 fenfitavit
383 807 608 888 publice
629 853 647 882 ‚
688 807 828 865 nihil
862 809 1103 867 omnino
1138 809 1348 868 exstare
1384 811 1442 868 in
1477 811 1674 891 Virgi-

71 899 152 957 lio
185 901 343 979 quod
375 898 870 978 reprehensionem
892 900 1150 958 admittat
1167 945 1186 974 ,
1221 905 1308 958 clze
1338 907 1490 959 nulla
1512 905 1565 961 ν’
1589 927 1674 961 era

70 997 129 1050 di
163 993 471 1074 riprenstbile
500 996 589 1048 nel
604 1014 794 1068 poema
814 992 1137 1067 sobrumano
1163 997 1220 1051 di
1249 998 1304 1048 V
1301 998 1491 1071 irgilio.
1522 994 1673 1053 Idem

68 1081 279 1140 addidit
300 1126 318 1155 ,
351 1081 459 1140 sese
492 1096 811 1161 argumenta
846 1081 1269 1160 opponentibus
1300 1083 1565 1161 exemplo
1589 1105 1675 1142 re-

69 1171 403 1252 sponsurum
441 1192 782 1251 quocunque
812 1171 1027 1229 vellent
1058 1173 1322 1230 carminis
1346 1194 1564 1252 genere.
1600 1180 1679 1233 Et

70 1270 326 1344 quidquid
349 1289 562 1343 pergam
587 1270 781 1334 dicere,
816 1266 989 1341 versus
1017 1269 1125 1323 erit.
1166 1268 1204 1322 F
1209 1266 1426 1344 ecitque
1459 1266 1517 1322 id
1541 1287 1677 1324 Ver·—

71 1355 217 1413 fibus
236 1354 482 1413 heroicis
503 1400 518 1426 ‚
545 1355 820 1433 sapphicis
836 1395 854 1425 ‚
879 1354 1100 1413 adoniis
1117 1399 1134 1429 ‚
1159 1355 1511 1434 asclepiadeis
1533 1356 1676 1414 aliis-

69 1466 200 1525 que.
246 1444 392 1503 Vide
431 1445 743 1503 Sancafl'ani
784 1444 1271 1504 continuationem
1309 1446 1678 1506 Bibliothecae

73 1539 326 1600 volantis
357 1539 687 1598 Cinellianae
725 1539 795 1597 T.
844 1560 928 1618 19.
961 1560 1015 1617 p.
1041 1560 1135 1613 44.
1180 1538 1329 1615 Quis
1370 1560 1514 1600 vero
1556 1561 1677 1599 non

71 1630 337 1703 miretur,
369 1651 438 1689 ex
465 1629 693 1710 Virgilii
724 1628 997 1707 poematis
1026 1673 1042 1701 ‚
1079 1628 1240 1687 velut
1286 1650 1356 1687 ex
1396 1631 1638 1689 oraculis
1659 1676 1677 1702 ‚

73 1718 248 1779 sortes
285 1721 448 1779 letias
488 1721 546 1778 in
581 1720 748 1778 rebus
780 1721 1012 1778 maximi
1046 1720 1363 1794 momenti,
1409 1719 1568 1797 cujus
1597 1721 1680 1780 rei
1765 1790 1769 1794 .

71 1812 236 1891 plura
268 1811 524 1891 exempla
560 1812 791 1891 collegit
815 1815 948 1871 Ant.
980 1833 1095 1869 van
1128 1813 1315 1871 Dalen
1348 1814 1414 1871 de
1442 1815 1678 1883 uOracu·

71 1903 140 1962 lis
172 1926 225 1983 p.
264 1923 397 1981 301.
439 1906 516 1985 sq.
552 1904 682 1962 edit.
711 1903 815 1961 sec.
850 1903 957 1961 Sed
997 1925 1226 1962 omnem
1249 1903 1678 1963 admirationem

73 1997 335 2076 superant
375 1997 623 2056 recentia
656 1994 1103 2055 Christianorum
1145 1996 1442 2055 hominum
1487 2018 1680 2055 exem-

72 2089 167 2168 pla
191 2134 209 2163 ‚
244 2111 369 2169 quae
412 2089 673 2168 leguntur
711 2090 770 2147 in
806 2089 1100 2147 Memoriis
1135 2087 1332 2148 Jacobi
1376 2091 1683 2150 XVelWoo-

76 2180 150 2238 di.
193 2182 339 2238 Nam
381 2180 520 2238 illud
564 2181 793 2260 quidem
837 2179 1038 2238 fabulis
1068 2179 1444 2258 adscripserim
1473 2226 1490 2255 ,
1526 2182 1685 2260 quod

75 2269 280 2348 Lojola
320 2271 524 2331 dicitur
556 2271 763 2329 malum
800 2271 1117 2329 daemonem
1142 2271 1213 2329 ab
1243 2272 1475 2331 homine
1503 2293 1683 2351 expu-

76 2365 192 2423 liffe
233 2363 603 2442 pronuntiato
640 2360 805 2420 versu
848 2361 1077 2441 Virgilii
1116 2363 1198 2418 IV
1231 2363 1356 2420 AEn.
1398 2364 1524 2444 165.
1559 2368 1684 2439 Spe-

77 2462 288 2514 luncam
331 2457 491 2512 Dido
516 2499 535 2525 ‚
565 2458 680 2511 dux
717 2452 770 2512 ὃ·
815 2454 1079 2525 Trojanus
1125 2457 1338 2510 eandem
1381 2458 1689 2523 Deveniurzt

79 2547 226 2602 --In
252 2542 583 2622 praefatione
619 2543 689 2602 ad
728 2542 1096 2621 Scaligeriana
1136 2563 1184 2600 a.
1222 2544 1387 2619 1667.
1428 2543 1576 2601 edita
1611 2543 1688 2601 le-

79 2660 176 2720 gas
202 2659 215 2696 :
246 2641 464 2716 Virgilii
478 2638 748 2714 speculum
764 2681 784 2708 ,
815 2633 868 2693 G*
900 2638 1103 2711 quidem
1127 2639 1279 2709 §intra
1300 2637 1692 2710 suesaqmouu-

79 2750 250 2788 menta
265 2773 283 2800 ,
304 2728 641 2809 Dionysiam*
664 2732 721 2785 in
741 2750 866 2804 agro
883 2726 1120 2807 Parisim
1144 2750 1162 2781 z
1185 2728 1428 2783 monachi
1449 2750 1557 2784 non
1569 2727 1691 2807 stne

80 2823 187 2898 risu
228 2820 495 2895 visendum
520 2823 759 2896 praebent.
808 2822 898 2875 Sic
934 2821 1101 2874 Italos
1138 2820 1422 2874 Petrarclzae
1449 2819 1544 2893 sui
1583 2841 1692 2875 non

84 2915 238 2968 modo
273 2915 525 2968 tumulum
550 2955 571 2981 ,
608 2909 827 2985 cedesque
851 2953 870 2979 ,
904 2909 1010 2983 sed
1044 2905 1097 2963 ὃ·
1145 2929 1345 2964 urceum
1393 2904 1445 2964 ὃ
1478 2909 1647 2983 sedile
1673 2953 1693 2982 ‚

84 3010 242 3084 immo
286 3001 339 3062 G*
385 3006 659 3088 domesticae
688 3002 820 3077 felis
860 3003 1085 3077 sceleton
1124 3003 1345 3057 cadaver
1366 3043 1385 3073 ,
1416 3002 1646 3077 aliasque
1673 3045 1693 3071 ,

85 3097 252 3172 nescio
274 3117 404 3172 quas
424 3139 441 3168 ‚
465 3095 691 3171 ejusdem
711 3094 911 3168 farinae
950 3093 1255 3169 quisquilias
1282 3114 1477 3170 magna
1492 3113 1694 3170 pompa

213 3190 278 3246 P.
321 3189 590 3261 Vitgilius.
1285 3184 1315 3238 ‘3
