2165 3792
661 182 1069 272 LIBER
1150 189 1199 242 I.

122 317 228 374 Hoc
249 313 406 372 dixere
428 316 603 381 Axem‚
630 315 736 392 quia
760 335 937 372 motum
961 338 1053 373 non
1077 315 1217 373 habet
1234 315 1408 378 ullum:

122 403 224 483 Ipse
245 403 371 460 videt
397 402 516 461 circa
540 400 786 460 volitantia
808 405 968 462 cunsta
989 404 1188 462 moveri.

125 498 306 551 Summa
330 513 491 551 tenent
514 494 614 571 ejus
636 493 809 551 miseris
835 495 1060 553 notissima
1084 494 1227 554 nautis

124 586 290 665 Signa,
320 610 402 665 per
425 586 694 643 immensum
717 586 912 665 cupidos
938 589 1152 645 ducentia
1177 607 1402 668 pontum:

122 677 451 755 Majoremque
474 675 635 734 Helice
659 678 807 754 major
827 678 1080 736 deciscinat
1107 684 1295 736 Arcum.

123 772 314 845 Septem
334 767 458 824 illam
480 768 620 824 stellae
641 788 867 826 certantes
891 769 1061 827 lumine
1086 769 1289 850 signant:

127 861 235 932 Qua
260 860 377 915 duce
402 882 485 938 per
507 857 668 917 fluClus
694 860 850 918 Graiae
875 861 985 919 dant
1011 863 1115 920 vela
1138 861 1323 920 carinae.

119 948 330 1030 Angusto
356 951 601 1030 Cynosura
625 951 775 1010 brevis
800 972 1043 1031 torquetur
1066 954 1112 1011 in
1137 956 1252 1013 orbe
1269 1000 1284 1024 ,

123 1044 279 1115 Quam
307 1041 454 1121 spatio
474 1087 488 1109 ,
510 1061 600 1098 tam
627 1043 730 1099 luce
756 1041 938 1100 minor:
968 1044 1044 1101 sed
1071 1045 1227 1122 judice
1251 1044 1395 1103 vincit

119 1134 356 1208 Maiorem
379 1133 544 1213 Tyrio.
572 1135 727 1191 Poenis
751 1134 848 1191 haec
872 1135 1048 1192 certior
1072 1137 1233 1194 auelor
1249 1184 1265 1204 ‚

121 1225 235 1280 Non
261 1245 554 1303 apparentem
581 1225 753 1304 pelago
781 1226 1094 1304 quaerentibus
1119 1228 1297 1285 orbem.

122 1315 226 1371 Nec
247 1314 427 1391 paribus
447 1314 609 1394 pofitae
633 1316 734 1372 sunt
754 1315 997 1374 frontibus.
1019 1321 1227 1396 Utraque
1249 1319 1437 1377 caudam

122 1408 289 1488 Vergit
312 1407 358 1463 in
384 1408 567 1466 alterius
591 1408 784 1466 rostrum
802 1455 817 1476 ,
842 1409 1137 1489 sequiturque
1162 1413 1448 1491 sequentem.

120 1500 210 1555 Has
238 1498 356 1554 inter
377 1496 530 1564 susm,
555 1496 820 1574 circumque
842 1497 1079 1575 amplexus
1106 1519 1344 1580 utramque

121 1586 332 1655 Dividit,
354 1586 404 1645 &
428 1585 574 1665 cingit
599 1585 738 1642 stellis
763 1587 1024 1644 ardentibus
1050 1589 1262 1668 Anguis3

121 1683 197 1738 Ne
222 1703 391 1739 coeant
411 1725 426 1747 ,
450 1681 677 1737 abeantve
701 1678 788 1735 suis
810 1703 834 1736 a
859 1679 1040 1737 sedibus
1062 1705 1277 1760 unquam.

120 1775 259 1830 Hunc
282 1774 431 1841 inter.,
458 1771 753 1849 mediumque
780 1771 972 1839 orbem,
995 1795 1091 1850 quo
1116 1769 1261 1831 sidera
1287 1772 1465 1855 septem

117 1869 206 1923 Per
228 1865 295 1924 bis
319 1866 425 1923 sena
450 1865 614 1923 volant
637 1883 801 1921 contra
825 1864 1015 1922 nitentia
1037 1861 1159 1943 signa
1175 1909 1192 1937 ,

118 1958 271 2015 Mixta
297 1981 352 2016 ex
376 1957 562 2015 diversis
587 1955 877 2034 consurgunt
901 1954 1075 2012 viribus
1098 1956 1204 2014 astra
1221 2003 1240 2036 ‚y

118 2050 243 2108 Hinc
267 2049 420 2108 vicina
448 2047 552 2130 poli
568 2094 582 2115 ‚
605 2048 808 2127 coelique
832 2048 935 2105 hinc
959 2049 1172 2128 proxima
1197 2050 1418 2111 flammis:

118 2145 245 2217 Quae
261 2185 277 2208 ‚
304 2139 411 2219 quia
433 2137 651 2195 diffimilis
670 2182 685 2203 ‚
711 2160 798 2216 qua
819 2157 1027 2216 pugnat,
1051 2160 1275 2219 temperat
1295 2167 1405 2212 aer,

115 2234 410 2315 Frugiferum
428 2232 508 2290 sub
528 2232 574 2289 se
594 2233 794 2290 reddunt
816 2231 1085 2289 mortalibus
1109 2236 1288 2295 orbem,

118 2325 333 2384 Proxima
355 2324 590 2402 fulgentes
617 2324 778 2380 ArElos
797 2367 813 2391 ‚
836 2329 1125 2403 Boreamque
1149 2326 1381 2406 rigentem

120 2414 243 2473 Nixa
263 2413 393 2472 venit
414 2412 589 2493 species
619 2413 812 2490 genibus
833 2457 846 2479 ‚
869 2413 950 2470 fibi
975 2415 1162 2472 conscia
1186 2419 1347 2475 causae.

119 2512 162 2566 A
185 2528 320 2588 tergo
346 2506 461 2564 nitet
485 2504 831 2583 Arklophylam
856 2504 1070 2583 idemque
1091 2511 1267 2566 Bootes
1286 2552 1304 2576 ‚

119 2602 272 2678 Quod
294 2599 425 2656 fimul
450 2598 485 2655 is
506 2598 670 2677 junffis
696 2597 826 2654 instat
847 2599 906 2655 de
930 2621 1064 2656 more
1084 2601 1328 2676 juvencis,

117 2694 456 2772 Arelurumque
477 2694 593 2772 rapit
616 2691 774 2750 medio
799 2691 880 2749 sub
903 2694 1096 2772 pestore
1121 2696 1293 2756 secum.

118 2793 183 2843 At
204 2804 332 2864 parte
351 2808 406 2842 ex
427 2784 512 2841 alia
533 2784 659 2840 claro
684 2781 815 2841 volat
836 2785 951 2841 orbe
977 2790 1200 2855 Corona,

117 2877 241 2933 Luce
266 2876 434 2933 micans
456 2875 601 2933 varia:
631 2897 732 2932 nam
758 2875 883 2932 stella
902 2875 1102 2935 vincitur
1124 2902 1212 2936 una

120 2967 332 3025 Circnlus
349 3012 364 3035 ‚
388 2967 434 3024 in
461 2965 618 3023 medio
639 2967 840 3023 radians:
871 2990 974 3045 quae
994 2970 1203 3046 proxima.
1225 2968 1380 3029 fronte
1397 3015 1413 3039 ‚

121 3060 423 3138 Candidaque
445 3059 621 3120 ardenti
647 3058 882 3140 distinguit
904 3059 1074 3120 lumina
1095 3060 1316 3200 Ηεῐηιτιε.Ε

1356 3168 1382 3201 2

1625 887 1731 939 305

1622 1343 1733 1394 310

1617 1798 1735 1852 315¹

1610 2261 1724 2314 320

1608 2724 1715 2781 325
