2165 3792
399 229 543 286 DE
599 231 670 288 P.
741 228 1254 288 VIRGILIO.
1518 247 1634 308 239

40 354 428 435 Imperfessum
465 375 696 436 quoque
730 374 936 433 poema
971 354 1264 412 nonnullis
1306 353 1382 413 est
1405 353 1590 414 visum
1615 400 1638 430 ,

43 463 211 523 atque
248 461 562 503 extremum
606 445 811 502 librum
839 440 1126 500 defiderari
1150 488 1168 516 ‚
1200 445 1347 502 unde
1388 450 1638 505 decimum

41 538 240 592 tertium
274 539 456 594 librum
489 532 818 610 conscripfit
852 532 999 590 haud
1031 530 1263 591 absurda
1288 556 1436 593 vena
1466 549 1478 574 ¹
1513 541 1641 594 Ma-

32 630 199 702 pheus
234 633 425 705 Vegius
455 623 755 684 Laudenfis
782 669 799 697 ‚
837 622 935 703 qui
980 622 1039 681 in
1082 623 1497 684 Pulmannianis
1519 673 1537 701 ,
1577 629 1644 687 ὅτ,

30 704 174 777 Nic.
216 717 495 799 Erythraei
531 717 871 776 editionibus
899 762 916 790 ‚
950 732 1114 797 atque
1155 717 1274 776 aliis
1316 719 1643 798 quibusdam

45 807 259 889 legitur.
303 810 390 869 Sic
420 811 505 868 Jo.
541 812 793 890 Forsterus
828 810 886 867 in
922 809 1181 887 supremo
1221 808 1384 889 Reip.
1408 811 1645 890 Belgicae

45 901 235 961 senatu
266 901 631 961 Consiliarius
655 946 673 974 ‚
697 901 755 958 in
796 901 1242 979 supplementum
1285 902 1472 979 operis
1509 902 1646 958 Vir-

47 991 232 1073 giliani
276 992 592 1071 composuit
634 993 914 1073 exsequias
953 993 1178 1064 Turni,
1217 994 1468 1053 laudatus
1517 995 1647 1053 Nic.

50 1086 280 1144 Heinsio
305 1087 550 1165 Epistola
573 1088 642 1144 ad
671 1086 732 1146 Is.
757 1087 1012 1145 Voffium
1041 1085 1166 1144 data
1200 1109 1248 1145 a.
1296 1108 1462 1170 1551.
1495 1089 1561 1146 T.
1594 1109 1648 1166 3.

48 1180 293 1261 sylloges
338 1181 763 1238 Burmannianae
799 1202 854 1259 p.
899 1199 1026 1261 559.
1070 1179 1176 1237 Sed
1217 1183 1280 1240 &
1321 1182 1379 1239 in
1418 1183 1648 1242 Francia

53 1276 109 1331 C.
147 1277 204 1331 S.
245 1277 304 1329 de
340 1277 632 1331 Novavillcz
668 1273 847 1331 Ducis
892 1271 1298 1329 Aurelianensis
1337 1273 1649 1335 Archi—tri-

53 1366 335 1426 clinarcha
373 1365 534 1423 Paris.
589 1366 731 1444 1698
767 1410 784 1438 ‚
828 1366 880 1424 8.
931 1364 1134 1422 librum
1181 1360 1544 1442 supplementi
1590 1365 1651 1424 in

54 1459 344 1519 AEneidem
385 1459 545 1516 edere
579 1457 735 1516 ausus
774 1457 852 1515 est
889 1479 1015 1516 cum
1043 1456 1504 1532 interpretatione
1529 1457 1651 1533 sua,

56 1550 363 1629 paraphrafi
387 1553 448 1609 δε
467 1551 617 1609 notis
641 1596 658 1624 ‚
685 1571 788 1609 nec
822 1549 1101 1610 dubitavit
1122 1568 1333 1607 nomen
1355 1547 1511 1609 suum
1535 1569 1652 1610 car-

56 1643 196 1701 mini
227 1641 327 1720 ipfi
364 1643 612 1701 intexere
640 1641 785 1703 vers.
817 1662 950 1724 215.

124 1813 393 1864 Villanovas
425 1812 658 1881 quondam
688 1814 899 1864 meritum
929 1813 1155 1864 affeRabit
1184 1815 1426 1866 honorem.

137 1961 340 2022 Versus
382 1963 737 2042 imperfe&os
779 1964 837 2021 in
873 1963 1110 2023 AEneide
1156 1964 1356 2026 additis
1401 1964 1656 2025 hemisti*

56 2053 197 2114 chiis
224 2054 508 2132 supplevit
524 2056 763 2114 Joannes
793 2055 858 2112 de
883 2056 1220 2135 Peyrarede‚
1244 2055 1452 2117 nobilis
1474 2057 1659 2137 Aqui-

55 2158 235 2202 tanus.
268 2147 606 2222 Argumenta
630 2145 976 2223 singulorum
1016 2146 1294 2204 librorum
1333 2148 1656 2225 Georgico-

56 2256 184 2294 rum
214 2238 274 2294 &
299 2234 565 2294 AEneidos
590 2281 607 2308 ,
647 2236 898 2294 versibus
934 2232 1073 2294 olim
1115 2235 1326 2316 scripsit
1361 2241 1658 2297 Herennius

58 2327 378 2408 Modestinus
410 2325 550 2383 [Eius
573 2370 590 2397 ‚
627 2347 751 2405 quae
784 2324 840 2382 in
870 2324 1120 2403 pluribus
1155 2325 1497 2385 editionibus
1526 2344 1657 2387 ante

58 2415 306 2495 singulos
332 2414 505 2474 libros
532 2416 961 2494 praemittuntur.
1000 2414 1094 2475 De
1122 2414 1388 2477 AEneidos
1416 2434 1572 2498 parte
1594 2419 1655 2478 in

60 2616 215 2664 datum
253 2615 409 2664 oderat
442 2613 635 2665 moriens
666 2612 822 2683 Virgi-
895 2615 1160 2664 Macrobius
1185 2615 1205 2664 I
1231 2615 1451 2666 Saturnala
1473 2637 1514 2668 c.
1545 2632 1623 2680 24.

58 2683 139 2730 lius
160 2721 173 2743 ‚
202 2684 254 2731 ὃς
282 2683 547 2732 testamento
587 2701 818 2748 praecepe-
970 2701 987 2731 1
1030 2683 1108 2733 De
1143 2685 1229 2732 hoc
1267 2685 1473 2748 Mapheo
1502 2686 1658 2753 Vegio

61 2764 128 2798 rat
156 2751 345 2800 incendi.
365 2752 517 2816 Itaque
544 2749 708 2798 Plinius
727 2750 820 2800 VII
895 2751 1177 2800 consulendae
1256 2752 1526 2802 Additiones
1597 2747 1655 2801 ad

60 2817 159 2866 hist.
181 2832 270 2865 nat.
300 2831 338 2867 c.
368 2835 439 2884 30.
468 2819 622 2867 divina
652 2820 820 2885 Augu·
893 2816 1174 2867 'Naudacana
1203 2838 1247 2885 p.
1284 2835 1386 2885 194.
1415 2819 1476 2885 sq.
1512 2821 1654 2870 Diem

65 2885 180 2934 stum
203 2887 262 2933 ait
281 2888 476 2934 carmina
495 2887 601 2934 illius
630 2890 820 2936 cremari
893 2888 1003 2934 obiit
1042 2887 1296 2953 supremum
1330 2889 1391 2935 A.
1422 2887 1480 2937 C.
1517 2887 1656 2954 1458.

66 2969 213 3001 contra
245 2954 476 3019 testamenti
497 2953 591 3021 ejus
623 2972 821 3002 verecun-
894 2954 1010 3003 adde
1035 2955 1091 3002 de
1109 2955 1227 3005 libro
1249 2952 1499 3005 Decembr.
1524 2954 1654 3006 Polit,

63 3021 177 3068 diam
208 3019 406 3071 vetuiffe.
452 3020 658 3069 Meminit
690 3020 820 3087 hujus
893 3021 1005 3072 liter.
1034 3040 1078 3087 p.
1107 3022 1186 3087 67,

33 3106 35 3108 ·
65 3090 126 3152 rei
145 3086 314 3137 Gellius
333 3087 470 3136 XVII
490 3125 506 3146 ,
534 3105 602 3140 10.
621 3091 672 3140 ὃ(
687 3102 744 3138 ex
761 3106 820 3139 eo
