2165 3792
604 186 649 240 L
690 189 722 241 Ι
762 185 814 241 Β
858 189 911 240 E
956 189 1010 242 R
1093 193 1124 244 I
1135 194 1198 245 V.

70 315 178 375 Post
200 313 336 372 vitias
358 314 640 372 Mithridatis
663 337 777 394 opes
795 358 810 380 ‚
835 316 1120 395 pelagusque
1142 338 1382 399 receptum
1400 364 1418 389 ,

74 411 132 464 Et
156 429 244 464 tres
267 410 456 466 emenso
483 408 674 466 meritos
701 431 759 465 ex
789 408 905 465 orbe
927 408 1186 488 triumphos
1203 453 1219 477 ‚

71 499 288 575 Cumque
313 497 447 555 etiam
471 497 622 576 posses
646 496 784 554 alium
814 519 1109 578 componere
1128 502 1390 579 Magnum,

72 589 335 656 Crederet·,
359 611 408 647 ut
430 613 598 668 corpus
624 590 841 668 sepeliret
864 591 1109 670 naufragus
1133 590 1254 671 ignis
1274 636 1292 659 ‚

70 679 129 733 Et
154 678 352 736 colle&
376 700 542 757 rogum
565 678 774 736 facerent
794 679 1048 759 fragmenta
1070 681 1274 741 carinae?

65 766 189 842 Quis
214 788 383 826 tantum
410 792 582 827 mutare
609 770 760 849 potest
788 769 882 828 fine
909 771 1098 829 numine
1121 771 1235 831 fati?

69 860 157 917 Ille
181 859 315 916 etiam
340 860 468 918 coelo
493 861 708 940 genitus,
733 863 959 942 coeloque
981 883 1228 942 receptuS,

70 954 193 1008 Cum
214 952 335 1009 bene
361 951 632 1031 composltis
657 953 807 1011 vietor
831 954 1046 1012 civilibus
1063 953 1200 1011 armis

64 1044 166 1121 jura
190 1061 318 1120 togae
340 1062 561 1120 regeret,
588 1042 762 1100 totiens
789 1043 1005 1123 praedie'm
1026 1068 1192 1103 cavere

67 1134 273 1191 Vulnera
298 1157 394 1191 non
420 1133 604 1212 potuit:
633 1154 739 1192 toto
766 1136 999 1215 spefihante
1028 1136 1184 1194 senatu
1208 1180 1225 1203 ,

67 1224 291 1282 Indicium
316 1227 474 1285 dextra
495 1227 695 1284 retinens
718 1250 985 1306 nomenque
1002 1272 1016 1292 ,
1040 1251 1208 1286 cruore

67 1318 261 1376 Delevit
284 1319 516 1398 propri03
543 1319 729 1398 poffent
750 1339 799 1377 ut
822 1320 1012 1377 vincere
1035 1320 1137 1378 fata.
1202 1381 1204 1384 ,

67 1411 200 1486 Quid
226 1435 462 1470 numerem
485 1412 666 1469 eversas
689 1412 856 1479 urbm,
880 1434 1138 1491 regumque
1164 1413 1352 1472 ruinas?

64 1507 210 1580 Inque
231 1524 355 1581 rogo
382 1504 626 1568 Croesum;
651 1503 971 1582 Priamumque
994 1507 1040 1561 in
1069 1506 1209 1566 Litore
1235 1526 1481 1574 truncum3

68 1596 157 1653 Cui
181 1617 264 1652 nec
287 1595 434 1670 Troja
452 1602 626 1673 rogus?
651 1594 763 1672 quid
789 1595 995 1651 Xerxem
1017 1640 1031 1662 ,
1055 1596 1198 1671 majus
1223 1595 1273 1653 &
1295 1598 1399 1676 ipso

67 1686 364 1767 Naufragium
390 1687 561 1766 pelago
582 1693 598 1741 ?
623 1685 734 1764 quid
757 1705 920 1764 captos
944 1685 1129 1764 agmine
1155 1709 1288 1766 reges

64 1777 319 1836 Romanis?
344 1775 523 1855 positos
550 1776 800 1854 raptosque
824 1798 880 1832 ex
909 1774 1093 1855 ignibus
1119 1777 1282 1857 igueS,

64 1869 419 1946 Cedentemque
440 1867 545 1924 viro
572 1865 799 1923 flammam
816 1909 832 1933 .,
862 1865 943 1944 qui
967 1869 1140 1948 templa
1164 1870 1369 1928 ferebat?

28 1994 31 1997 ·
68 1965 204 2036 Quor
225 1959 384 2017 subitae
409 1958 601 2015 veniunt
626 1958 887 2015 vaiidorum
910 1957 956 2015 in
984 1977 1187 2039 corpora
1212 1969 1420 2021 mortes?

67 2055 219 2129 Seque
244 2050 353 2128 ipsae
373 2048 523 2105 rursus
547 2046 734 2126 fugiunt
760 2067 1028 2127 errantque:
1056 2073 1139 2128 per
1164 2049 1295 2130 ignes
1313 2094 1328 2118 ,

66 2146 131 2200 Ex
159 2140 263 2222 ipsis
285 2140 468 2219 quidam
493 2138 600 2195 elati
626 2138 807 2196 rediere
835 2138 1087 2218 sepulcrist

69 2239 224 2312 Atque
245 2231 313 2288 his
339 2232 433 2288 vita
455 2231 631 2310 duplex
652 2275 666 2296 ,
687 2230 777 2288 illis
800 2230 877 2287 vix
900 2230 1103 2310 contigit
1123 2256 1227 2290 una.

66 2329 188 2384 Ecce
207 2323 322 2380 levis
346 2321 531 2402 perimit
559 2323 748 2380 morbus
768 2367 783 2387 ‚
809 2321 1095 2402 graviorque
1117 2323 1339 2383 remittit:

64 2415 382 2474 succumbunt
402 2431 519 2469 artes
536 2457 551 2479 .,
572 2412 764 2470 rationis
788 2414 989 2471 vincitur
1010 2416 1127 2472 usus,

66 2512 191 2566 Cura
216 2523 358 2563 nocet
375 2549 390 2568 ‚
415 2504 582 2562 cessare
604 2503 757 2583 juvat:
783 2526 913 2561 mora
936 2504 1059 2584 saepe
1082 2506 1310 2565 malorum

66 2603 157 2657 Dat
181 2595 330 2654 causas
351 2621 365 2662 ·,
386 2595 659 2673 laeduntque
683 2593 775 2651 cibi
794 2638 810 2660 .,
832 2614 1120 2674 parcumque
1145 2613 1347 2655 venena:

64 2694 367 2768 Degenerant
388 2685 478 2744 nati
502 2685 703 2766 patribus
722 2730 739 2754 ‚
763 2686 1050 2766 vincuntque
1074 2709 1283 2768 parentes
1300 2734 1316 2757 ‚

67 2780 404 2862 Ingeniumque
429 2779 554 2836 suum
583 2777 806 2836 retinent:
831 2779 1079 2860 transitque
1109 2805 1191 2861 per
1217 2782 1345 2840 illum
1364 2827 1380 2851 ‚

68 2880 138 2934 Ex
160 2875 245 2933 illo
270 2873 457 2930 fortuna
479 2872 637 2929 veuit:
666 2871 773 2929 furit
796 2871 911 2930 alter
934 2896 1125 2941 amore,

38 2968 49 2971 ‘i
69 2972 127 3026 Et
151 2989 348 3047 pontum
371 2986 548 3022 tranare
572 2963 723 3042 potest
743 3008 758 3030 ‚
782 2963 831 3022 ὅ(
857 2985 1038 3022 vertere
1065 2965 1286 3045 Trojamz

68 3059 269 3118 Alterius
290 3059 421 3115 frons
446 3056 507 3112 est
532 3055 779 3114 scribendis
800 3056 979 3137 legibus
999 3079 1114 3137 apta.

189 3144 274 3200 M.
309 3141 596 3198 Manilius.
1250 3141 1292 3195 K

1566 206 1670 270 145

1601 2076 1676 2126 70

1598 2533 1673 2593 75.
