2165 3792
475 225 620 282 DE
677 228 742 283 P.
808 226 1319 285 VIRGILIO.
1568 244 1677 302 271

81 349 276 409 mundi
311 351 661 411 pennafortii
680 351 946 424 ‚Ordinis
972 354 1409 412 Praedic-atorum
1433 355 1686 434 Magistri

82 442 353 520 generalis
371 487 386 515 ‚
414 444 737 523 Virgilianis
756 442 1007 500 versibus
1028 443 1096 500 ab
1120 446 1321 502 eodem
1346 445 1686 526 conscripta,

79 535 144 591 &
165 533 348 611 Papiae
381 537 524 592 1606
546 580 562 607 ‚
586 533 685 591 fol.
711 534 874 592 edita.
902 538 1114 610 Sibylla
1139 539 1441 611 Capitolina
1457 584 1476 609 ,
1502 539 1686 598 Publii

83 626 308 705 Virgilii
348 627 598 685 Maronis
637 627 968 704 poemation
1008 627 1162 686 libris
1206 631 1321 701 IV,
1351 631 1687 710 interpreta-

81 715 243 774 tione
274 719 337 776 &
367 715 516 774 notis
550 715 880 774 illustratum
914 739 944 775 a
975 719 1027 775 S.
1055 720 1116 775 L.
1145 719 1365 776 Oxonii
1397 741 1426 778 e
1463 722 1689 783 theatro

80 807 466 866 Sheldoniano
508 810 654 885 1726
676 854 692 881 ‚
729 810 780 867 8.
811 810 952 867 nihil
983 811 1133 868 aliud
1169 810 1245 869 est
1264 857 1285 883 ,
1324 833 1487 889 quam
1528 813 1690 874 satira

85 899 145 957 in
181 899 492 962 Clementis
527 904 608 960 XI
632 902 846 960 Bullam
884 909 1206 982 Unigenitzis
1226 949 1243 977 ‚
1268 905 1518 963 Versibus
1541 927 1692 971 com-

85 993 265 1070 posita
310 994 653 1073 VirgilianiS.
695 996 843 1054 NeW
883 997 1150 1056 memoirs
1190 997 1266 1056 of
1293 998 1577 1059 literature
1619 1000 1692 1059 T.

87 1084 197 1158 111,
236 1104 291 1162 p.
323 1085 456 1160 278.

569 1279 621 1333 Z
648 1291 687 1330 o
712 1291 739 1331 1
762 1292 799 1332 L
825 1291 858 1332 I
882 1314 884 1317 >
936 1278 1172 1353 Virgilii.

170 1466 258 1521 Ex
295 1463 657 1540 Quintiliano
695 1465 914 1524 constat
939 1465 1216 1525 Rhetores
1259 1466 1397 1525 olim
1434 1473 1697 1527 declama-

89 1558 290 1612 tionum
313 1571 634 1634 argumenta
657 1557 1011 1634 depromfiffe
1034 1579 1064 1615 e
1088 1558 1351 1637 Virgilio,
1369 1561 1431 1618 &
1454 1559 1513 1616 in
1531 1559 1700 1618 scho..

91 1644 169 1703 liss
188 1647 294 1706 suis
316 1648 681 1726 proposuisse.
715 1649 802 1706 Sic
834 1652 1080 1707 Titianus
1104 1651 1167 1707 &
1200 1655 1475 1709 Catulinus
1506 1650 1544 1709 s.
1572 1656 1699 1709 Cal—-

90 1762 190 1798 vus
213 1784 230 1811 ‚
261 1741 504 1798 themata
538 1761 608 1797 ex
644 1742 886 1797 Marone
920 1741 1231 1800 elicuerant
1266 1745 1328 1801 δέ
1361 1741 1697 1800 conforma-

92 1845 295 1887 verant
329 1831 398 1887 ad
431 1831 654 1889 dicendi
675 1829 831 1887 usum
852 1874 868 1901 ,
894 1831 1039 1889 &in
1065 1832 1323 1910 exempla
1359 1847 1699 1890 controver-

91 1920 290 1979 fiarum
318 1922 652 1980 diduxerant
674 1968 691 1995 ‚
717 1937 781 1980 ut
805 1920 976 1980 refert
1007 1922 1237 1981 Servius
1264 1922 1319 1979 in
1349 1924 1407 1981 X
1431 1923 1701 1981 AEneidos

93 2036 154 2074 v.
198 2016 283 2073 18.
324 2015 423 2092 qui
458 2015 527 2072 ab
549 2020 758 2074 Avieno
796 2013 990 2090 iambis
1025 2016 1190 2074 etiam
1231 2015 1458 2094 scriptas
1480 2013 1702 2096 Virgilii

93 2105 309 2164 fabulas
334 2106 525 2164 auelor
545 2105 622 2164 est
654 2107 723 2164 ad
749 2107 808 2164 X
827 2151 844 2178 ‚
874 2127 1006 2182 272.

177 2271 380 2349 Neque
406 2268 602 2327 Zoilos
639 2268 769 2327 suos
801 2269 1044 2348 Virgilio
1083 2268 1310 2328 defuiffe
1336 2269 1553 2329 constat
1578 2315 1596 2343 ‚
1633 2270 1702 2327 de

98 2365 302 2438 quibus
323 2411 340 2438 ,
375 2386 444 2422 ne
471 2385 778 2422 memorem
802 2409 820 2436 ‚
843 2385 970 2442 quae
995 2364 1051 2421 in
1082 2364 1322 2422 Marone
1347 2363 1704 2442 reprehendit

100 2439 427 2533 polycarpus
469 2458 688 2534 Lyfirus
731 2455 790 2512 in
828 2454 1160 2533 prolusione
1190 2467 1203 2492 ¹
1239 2456 1307 2512 de
1353 2455 1704 2513 acuminibiiss

100 2547 295 2626 spuriis
334 2548 392 2606 in
427 2563 540 2606 arte
572 2547 798 2626 poetica
839 2542 1087 2604 vitandis
1110 2591 1125 2616 ‚
1152 2545 1382 2605 Helmst.
1431 2565 1572 2626 1725
1601 2591 1616 2617 ,
1647 2568 1702 2619 4.

102 2661 168 2698 ac
197 2661 264 2697 ne
297 2639 417 2697 aliis
454 2637 862 2698 recentioribus
897 2635 1166 2714 exemplis
1198 2637 1435 2695 infistam
1457 2682 1474 2709 ‚
1499 2635 1706 2694 consu-

104 2731 269 2789 lenda
311 2731 536 2811 Virgilii
581 2730 698 2790 vita
748 2730 893 2787 leem
932 2728 1184 2807 inprimis
1225 2729 1390 2808 digna
1413 2774 1428 2802 ‚
1455 2749 1578 2807 quae
1612 2728 1705 2786 Ti.

102 2824 344 2884 Donato
381 2824 658 2883 tribuitur.
697 2826 760 2881 In
799 2843 863 2880 ea
902 2837 1248 2879 memoratur
1287 2820 1455 2879 etiam
1480 2821 1706 2896 Asconii

102 3011 297 3062 Ordinis
324 3011 609 3064 Praedicator.
643 3010 704 3062 T.
740 3029 783 3062 2.
814 3030 862 3079 p.
997 3026 1017 3057 1
1038 3008 1206 3058 Annal.
1227 3005 1490 3057 Academiae
1510 3002 1705 3055 Helmst.

107 3079 216 3145 598,
941 3076 1137 3128 semestri
1162 3075 1259 3137 XI,
1282 3093 1329 3141 p.
1364 3090 1437 3142 55.
