2165 3792
563 207 966 270 'LIBER
1047 209 1123 270 'V.

78 340 348 422 'Osculaque
369 342 613 402 horrendis
633 345 833 421 jungunt
853 341 1041 421 impune
1063 342 1276 401 venenis.⁴

74 432 140 490 'At
164 454 265 488 cum
290 433 335 489 se
360 433 510 512 patrio
536 432 756 513 producit
779 433 836 489 ab
857 454 1047 511 aequore
1073 432 1209 489 Piscis
1227 475 1244 500 ,

74 526 129 579 In
152 523 414 602 coelumque
437 524 586 580 ferens
608 523 769 579 alienis
797 522 963 579 finibus
985 522 1097 589 ibit;

3 618 12 635 “
74 610 299 689 Quisquis
320 612 405 669 erit
425 611 503 669 tali
529 611 714 690 capiens
737 611 816 668 sub
842 630 1056 691 tempore
1080 612 1258 680 vitam‚‘

73 703 306 760 Litoribus
328 703 528 783 ripisque
556 703 661 760 suos
684 701 977 759 circumferet
1000 725 1146 760 annos
1164 746 1180 769 ,

73 792 361 850 Pendentem
388 792 437 850 ὅ(
459 817 587 850 caeco
613 792 812 872 captabit
839 793 883 849 in
905 815 1096 871 aequore
1123 792 1295 872 piscem
1313 838 1330 862 ,

71 885 290 962 Cumque
312 883 399 940 suis
423 884 638 940 domibus
659 883 838 941 concha
857 883 1079 961 valloque
1102 883 1294 941 latentes

61 975 314 1034 Protrahet
339 975 588 1032 immersus.
620 975 747 1031 Nihil
775 975 836 1031 est
857 975 1025 1031 audere
1050 974 1273 1032 relietum.

70 1067 283 1142 Quaestus
306 1068 544 1146 naufragio
569 1066 738 1146 petitur
754 1111 768 1135 ‚
791 1067 1053 1146 corpusque
1073 1066 1310 1146 profundo

66 1158 312 1215 Immiffum
337 1159 508 1238 pariter
527 1182 628 1215 cum
654 1160 806 1238 praeda
826 1158 1080 1237 exquiritur
1100 1157 1214 1237 ipsa.

66 1252 171 1309 Nec
195 1251 375 1332 semper
397 1253 509 1310 tanti
532 1276 706 1310 merces
732 1253 794 1310 est
815 1275 952 1331 parva
979 1251 1178 1309 laborisz

63 1341 291 1400 Censibus
314 1363 554 1422 aequantur
575 1343 768 1400 conchae
786 1387 802 1410 ‚
821 1342 1121 1422 lapidumque
1147 1340 1287 1400 nitori

61 1431 158 1498 Vix
180 1432 417 1512 quisquam
440 1435 502 1491 est
523 1435 752 1513 locuples,
778 1438 1012 1491 Oneratur
1037 1452 1154 1490 terra
1171 1432 1434 1513 profundo.'

64 1524 170 1581 Tali
195 1525 317 1582 sorte
342 1526 438 1582 suas
456 1545 573 1582 artes
597 1549 680 1605 per
701 1525 838 1582 litora
865 1525 1022 1581 tractat
1040 1569 1056 1592 ‚

56 1612 159 1672 ‘Aut
180 1614 291 1672 emit
313 1634 522 1672 externas
541 1614 722 1693 pretio:
748 1632 983 1692 mutatque
1008 1614 1192 1671 labores
1208 1659 1226 1682 ‚

60 1705 249 1767 Institor
267 1728 503 1784 aequoreae
522 1704 641 1763 varia
664 1704 743 1761 sub
765 1704 966 1783 imagine
993 1704 1174 1761 mercis,

60 1797 278 1873 Cumque
297 1794 418 1852 Fidis
442 1817 612 1874 magno
638 1793 890 1851 succedunt
913 1793 1055 1851 sidera
1080 1796 1289 1863 mundo,⁴

37 1886 297 1963 Quaefitor
320 1887 543 1945 scelerum
567 1885 758 1952 veniet,
779 1885 1045 1965 vindexque
1070 1909 1257 1944 reorum
1275 1931 1292 1955 ‚

55 1981 159 2056 Qui
181 1980 412 2038 commiffa
436 1980 525 2036 suis
549 1978 786 2037 rimabitur
810 1979 1092 2060 argumentis
1109 2024 1125 2046 ‚

54 2079 108 2141 In
133 2075 376 2155 lucemque
399 2074 548 2132 trahet
572 2073 798 2152 tacitaque
821 2073 1005 2130 licentia
1028 2072 1202 2129 fraude.

55 2164 176 2222 Hinc
199 2165 333 2222 etiam
357 2163 539 2222 immitis
561 2183 716 2222 tortor
732 2208 747 2231 ,
770 2185 1014 2242 poenaeque
1036 2161 1272 2228 minister3

55 2259 115 2313 Et
135 2256 336 2336 quisquis
362 2280 478 2315 vero
500 2257 614 2315 favit
631 2304 646 2327 ⁷
670 2257 910 2335 culpamve
938 2252 1130 2334 perodit

44 2348 307 2415 Proditor3
333 2367 470 2427 atque
497 2349 592 2404 alto
621 2347 697 2425 qni
721 2346 869 2423 jurgia
894 2345 1085 2423 peelore
1109 2344 1261 2401 tollat.

53 2440 295 2497 Caeruleus
318 2462 468 2520 ponto
497 2461 597 2496 cum
623 2438 670 2494 se
695 2436 954 2515 Delphinus
976 2434 1019 2491 in
1043 2435 1153 2491 astra

50 2531 238 2612 Erigit,
260 2532 310 2591 &
333 2533 559 2612 squamam
586 2529 722 2589 stellis
748 2526 1028 2586 imitantibus
1053 2526 1148 2583 exit
1165 2569 1182 2593 .,

45 2623 309 2704 'Ambiguus
331 2643 464 2681 terrae
485 2641 638 2702 partus
660 2665 672 2687 ‚
695 2620 967 2700 pelagoque
993 2637 1189 2674 creatur.

51 2717 169 2771 Nam
193 2716 321 2772 velut
341 2715 439 2795 ipse
462 2713 562 2770 citis
587 2709 843 2792 perlabitur
864 2731 1055 2787 aequora
1075 2705 1263 2787 pinnis‚‘

37 2805 188 2866 ⁸Nunc
209 2806 428 2862 summum
455 2803 663 2860 scindens
690 2802 880 2882 pelagus
898 2845 912 2867 ,
942 2822 1058 2856 nunc
1083 2799 1170 2856 alta
1195 2796 1447 2878 profundi,

51 2897 109 2951 Et
133 2895 298 2954 finibus
321 2897 440 2954 vires
469 2895 602 2952 sumit
618 2941 634 2960 ,
661 2892 941 2971 fluffiimque
964 2893 1152 2971 figurat:

50 2985 126 3042 Sic
145 3031 160 3053 ,
183 2988 309 3046 venit
332 3013 388 3046 ex
413 2987 499 3045 illo
521 2986 726 3066 quisquis
746 3032 760 3054 ,
784 2983 997 3043 volitabit
1021 2983 1066 3040 in
1092 2985 1250 3042 undis:

50 3074 139 3134 Hic
160 3078 334 3139 alterna
355 3079 570 3151 ferens-in
594 3079 747 3137 lentos
771 3075 954 3136 brachia
974 3075 1136 3135 tractus
1154 3120 1169 3143 ,

1556 208 1676 285 '187

1563 624 1679 693 395

1555 1538 1667 1596 405

1553 1999 1668 2045 4¹0

1551 2448 1662 2505 ηις

1543 2911 1658 2959 420
