2165 3792
423 224 560 280 DE
622 223 688 280 P.
750 220 1291 280 VJRGJLJO.
1567 235 1682 298 339

287 356 412 404 Ruaei
448 355 602 405 XVII.
625 369 717 402 rec.
751 353 963 417 Neapoli.
996 371 1027 412 4
1066 354 1174 401 mai.
1211 371 1237 400 2
1269 351 1404 402 tomi.

289 423 516 486 -—-—Opp.
547 436 659 470 cura
685 419 927 468 Hawkins.
962 417 1158 467 Dublin.
1196 419 1242 468 8.
1273 419 1368 468 fine
1402 416 1546 468 notis·

288 491 514 538 Farnahii.
565 486 753 538 Patavii.
798 503 867 533 12.

90 556 216 622 1746
285 556 569 605 Martiniana
594 553 939 616 Georgicorum
961 550 1008 600 II
1024 550 1171 599 editio
1188 589 1202 611 ,
1229 552 1374 614 priori
1399 568 1515 614 1741
1553 566 1686 616 pror.

288 622 364 671 sus
401 620 577 671 fimilis.
618 622 805 670 London
838 618 1031 682 printed
1062 617 1125 683 by
1160 618 1214 671 R.
1242 619 1376 683 Reily
1410 621 1485 669 for
1509 619 1566 671 T.
1596 619 1686 670 Os-

284 689 448 739 borne.
482 688 528 738 8.

289 755 852 820 Heinfio-Burmanniana
871 791 885 815 ,
919 755 1073 815 major
1105 769 1253 817 eaque
1280 753 1531 817 princeps:

286 824 337 874 P.
377 823 433 872 V.
478 822 550 873 M.
602 822 792 885 Opera,
822 836 933 869 cum
972 821 1164 884 integris
1196 824 1241 870 ἃ
1277 821 1686 870 emendatioribus

282 889 649 940 Commentariis
685 889 859 948 Servii,
892 889 1207 954 Philargyrii‚
1239 889 1392 936 Pierii.
1437 889 1690 938 Accedunt

284 956 440 1008 Fulvii
479 957 664 1021 Ufini,
701 956 895 1019 Georgii
929 957 1156 1015 Fabricii,
1210 954 1444 1005 Francisci
1490 957 1689 1021 Nansti,

282 1025 359 1086 Jo.
395 1025 600 1090 Musonii
620 1061 634 1084 ‚
660 1021 935 1086 Tanaquilli
966 1023 1124 1083 Fabri,
1144 1024 1189 1071 ὃς
1218 1021 1421 1072 aliorum
1440 1061 1453 1083 ,
1484 1038 1539 1073 ac
1571 1039 1692 1085 prae-

286 1093 430 1155 cipue
458 1089 646 1141 Nicolai
677 1094 911 1139 ΗΕιΝςιι
961 1100 1087 1138 notae
1119 1105 1247 1137 nunc
1282 1090 1491 1152 primum
1518 1090 1690 1151 editae;

279 1158 457 1223 quibus
490 1160 534 1208 δε
572 1157 677 1206 suas
712 1159 762 1205 in
800 1172 943 1206 omne
977 1172 1098 1219 opus
1139 1156 1605 1216 Animadverfione3‚
1636 1159 1686 1206 Sc

283 1227 530 1277 Variantes
563 1226 613 1274 in
643 1225 860 1275 Servium
884 1223 1111 1273 lecstiones
1136 1224 1326 1274 addidit
1361 1225 1522 1274 Petrus
1548 1225 1691 1273 BUR-

289 1307 527 1344 MANNUS
547 1331 560 1352 ‚
587 1293 691 1355 post
724 1294 860 1354 cujus
891 1291 1081 1340 obitum
1118 1292 1443 1362 interruptam,
1459 1291 1688 1341 editionis

283 1377 451 1410 curam
477 1359 680 1423 suscepit
701 1362 744 1410 &
765 1359 1015 1409 adornavit
1034 1359 1197 1409 Petrus
1220 1354 1500 1408 Burmant‘ius
1509 1360 1688 1427 junior,

293 1444 407 1478 cum
453 1427 692 1479 indicibus
736 1425 1088 1477 absolutiffimis
1128 1429 1170 1476 ὃς
1208 1425 1368 1490 figuris
1400 1424 1694 1490 elegantissi-

289 1497 382 1545 mis
415 1506 533 1546 tom.
556 1495 580 1544 Ι
600 1524 683 1533 --
705 1495 788 1546 IV.
824 1493 1085 1545 Amstelod.
1123 1495 1251 1557 apud
1277 1494 1619 1548 Wetstenium,
1641 1517 1694 1559 4.

289 1563 402 1614 Nic.
431 1563 607 1628 Heinfii
642 1563 691 1611 in
730 1562 985 1613 Maronem
1025 1560 1402 1623 observationeS,
1443 1579 1555 1625 quas
1587 1564 1688 1629 ipse

288 1647 367 1681 an.
408 1630 530 1696 1676
566 1630 929 1693 quodammodo
971 1629 1022 1677 in
1055 1629 1234 1678 scriniis
1276 1639 1461 1692 paratas
1504 1631 1690 1682 dixerat

287 1707 562 1762 opportuno
582 1707 800 1762 tempore
814 1697 923 1747 luce
938 1695 1132 1760 publica
1153 1696 1413 1758 donandas,
1432 1698 1536 1760 post
1560 1717 1689 1749 mor-

286 1774 391 1814 tem
425 1764 551 1813 illius
587 1782 661 1815 an.
705 1765 824 1814 1681
862 1780 998 1828 paene
1034 1779 1146 1812 cum
1178 1763 1280 1827 ipso
1312 1765 1651 1816 interciderant
1672 1808 1690 1828 ‚

283 1832 370 1881 nifi
400 1848 476 1880 eas
508 1832 706 1881 tandem
736 1844 812 1881 an.
844 1848 967 1896 1730
994 1831 1195 1892 adeptus
1218 1831 1267 1880 P.
1287 1833 1568 1881 Burmannus
1596 1833 1691 1884 hac

287 1899 500 1949 editione
521 1899 569 1946 in
595 1897 756 1947 lucem
782 1895 1054 1947 revocasset.
1091 1897 1317 1947 Continet
1351 1896 1464 1947 inde
1492 1899 1689 1963 aliisque

288 1981 350 2016 ex
368 1965 589 2030 praefidiis
625 1965 770 2014 editio
804 1964 908 2014 haec
944 1963 1254 2028 probationes
1284 1974 1439 2014 textus
1471 1966 1691 2017 Heinfio-

286 2032 628 2083 Burmanniani
672 2041 780 2080 ante
832 2032 1082 2080 biennium
1133 2032 1262 2081 editi.
1323 2033 1416 2082 Sed
1465 2035 1510 2083 &
1541 2037 1692 2086 Servii

290 2098 638 2149 Commentarii
665 2115 691 2147 a
725 2097 942 2160 plurimis
977 2098 1161 2146 mendis
1189 2099 1406 2160 purgati,
1449 2102 1496 2149 ἃ
1528 2104 1689 2165 quoad

288 2165 392 2215 fieri
425 2165 579 2228 potuit
605 2165 867 2227 integritati
898 2163 990 2213 suae
1021 2165 1218 2213 restituti
1244 2164 1364 2213 sunt.
1414 2166 1486 2215 De
1514 2168 1694 2222 horum·

293 2235 341 2283 ἃ
370 2243 638 2281 ceterorum
664 2231 1030 2282 Scholiastarum
1050 2231 1159 2280 edd.
1185 2247 1239 2281 ac
1255 2231 1468 2282 subsidiis
1486 2272 1499 2295 ,
1517 2235 1694 2299 quibus

289 2300 512 2351 Heinfius
547 2302 591 2349 <Sc
631 2300 929 2349 Burmannus
972 2299 1036 2348 usi
1072 2299 1179 2347 sunt
1217 2300 1278 2347 ad
1314 2310 1500 2350 textum
1535 2315 1692 2367 poetae

298 2367 685 2416 constituendum
736 2367 1046 2429 Serviumque
1094 2366 1451 2416 emendandum
1479 2407 1492 2430 ,
1535 2372 1696 2434 deque

291 2434 397 2485 aliis
427 2434 567 2483 rebus
600 2434 774 2483 criticis
818 2434 1010 2497 copiose
1045 2434 1268 2497 praefatur
1300 2434 1597 2488 Burmannus
1629 2438 1693 2490 ΙΙ.

295 2503 446 2565 Quod
470 2503 532 2551 ad
557 2502 999 2565 interpretationem
1031 2512 1186 2564 poetae
1214 2503 1408 2563 attinet,
1440 2519 1540 2554 non
1569 2505 1695 2555 mul-

290 2580 401 2619 tum
435 2569 495 2620 ab
532 2569 724 2619 Heinsio
760 2572 804 2619 &
845 2570 1148 2630 Burmanno,
1185 2579 1352 2631 praeter
1392 2570 1443 2619 id
1479 2574 1608 2635 quod
1642 2575 1697 2624 in

295 2638 445 2689 Servii
492 2637 679 2687 Comm.
718 2637 891 2686 reetius
934 2636 1130 2686 edendis
1182 2637 1467 2699 praestitere,
1512 2640 1704 2704 semper·

296 2704 461 2755 auxilii
502 2704 740 2768 exspedtet
786 2704 1060 2768 quisquam3
1106 2719 1217 2752 cum
1253 2705 1461 2766 optimus
1510 2706 1699 2770 Virgilii

295 2772 657 2822 Commentator
696 2771 806 2823 Chr.
839 2770 989 2822 Gottl.
1015 2772 1175 2836 Heyne
1209 2770 1314 2834 plus
1345 2770 1390 2820 se
1416 2787 1475 2821 ex
1500 2774 1698 2835 Cerdae‚

296 2840 458 2890 Germ.
507 2839 744 2900 Valentis,
789 2838 992 2900 Guellii,
1031 2839 1082 2889 F.
1119 2839 1269 2889 Urfini
1312 2842 1354 2888 ἅ
1393 2839 1467 2900 Jo.
1498 2842 1698 2892 Martini

299 2922 476 2956 comm.
498 2907 724 2972 profuisse
747 2924 846 2956 non
869 2907 1106 2956 inficietur
1131 2908 1181 2954 in
1205 2906 1286 2955 sua
1317 2907 1377 2956 ad
1398 2907 1526 2971 Virg.
1560 2909 1706 2972 praef.

297 2991 347 3038 p.
365 2975 492 3025 VIII.
524 2979 695 3039 Neque
717 2976 860 3039 igitur
885 2975 1059 3024 horum
1079 2975 1291 3024 virorum
1318 2974 1549 3029 editiones
1578 2977 1697 3028 Bur..

303 3044 559 3093 manniana
603 3059 705 3092 non
745 3041 1077 3094 desiderabiles
1112 3041 1246 3093 facit.

103 3111 491 3177 b--Opereu
534 3110 685 3163 Halae.
721 3128 794 3162 12.

1210 3186 1345 3246 Υ).
