2165 3792
438 237 582 305 DE
638 238 706 294 P.
777 237 1309 297 VIRGILIO.
1556 257 1670 318 227

70 363 461 427 Donatianum
481 411 499 440 ‚
535 365 626 425 cui
646 363 851 423 merito
876 362 1192 443 plurimum*
1219 366 1415 426 tribuit
1456 367 1516 432 P.
1559 370 1670 425 Ca·-

69 478 218 527 tr0u‚
241 457 293 516 S.
339 458 380 515 J.
427 457 523 535 qui
561 477 681 514 eam
715 455 1044 534 metaphrasi
1080 455 1315 516 Gallicae
1352 459 1670 539 eclogarum

67 567 246 625 nuper
283 548 583 626 subjunxit.
636 550 681 606 E
719 548 1128 609 recentioribus
1166 570 1288 608 non
1324 552 1670 622 omittendus

68 638 192 697 seb.
235 643 534 711 CorraduS,
577 640 639 698 δε
678 639 778 719 qui
817 639 996 698 vitam
1036 653 1222 719 poetae
1245 685 1262 714 ,
1288 662 1387 720 per
1413 644 1668 704 consules

67 727 327 808 digestam
337 776 358 802 ,
384 728 605 808 Virgilii
621 728 858 788 editioni
879 732 938 789 in
960 730 1113 789 usum
1134 731 1409 810 Delphini
1424 734 1667 794 adorna-

65 835 138 878 tae
170 822 429 900 praemifit
459 821 699 880 Carolus
721 826 915 880 Ruaeus
936 866 952 894 ‚
976 825 1037 882 &
1059 821 1148 882 Cl.
1175 825 1440 900 Heym'us‘.
1476 825 1668 905 Virgi-

65 911 206 970 lium
223 916 449 972 Graecas
468 913 649 972 literas
667 959 682 986 ‚
709 913 1047 972 Medicinam
1069 915 1565 976 &Mathematicas
1590 919 1667 977 di-

64 1001 321 1080 sciplinas
349 1008 600 1063 Cremonae
633 1003 927 1079 edobfflm,
953 1005 1050 1084 qui
1067 1000 1241 1082 ajunt,
1273 1007 1575 1066 etiamnum
1608 1009 1667 1067 in

63 1092 159 1152 illa
193 1095 329 1153 urbe
364 1094 674 1153 monstrant
698 1095 839 1154 aedes
884 1096 942 1152 in
968 1097 1021 1153 S.
1061 1096 1463 1156 Bai-tholomaei
1489 1100 1627 1159 vico
1647 1147 1667 1175 ‚

63 1205 203 1264 quas
226 1186 552 1246 inhabitasse
574 1203 798 1266 poetam
827 1186 1032 1245 ferunt.
1060 1199 1073 1224 ¹
1108 1190 1180 1245 Et
1201 1183 1501 1246 Gualterus
1530 1193 1666 1248 Bur-

63 1275 199 1334 laeus
222 1275 281 1333 in
305 1276 498 1334 libello
526 1276 590 1335 de
607 1278 726 1336 vita
749 1279 809 1335 &
828 1276 1082 1335 moribus
1109 1276 1583 1357 Philosophorum
1606 1284 1668 1342 &

63 1367 367 1425 Poetarum
395 1412 412 1439 ‚
451 1366 658 1427 excuso
701 1381 827 1425 ante
879 1366 1150 1426 ducentos
1195 1388 1374 1426 annos
1407 1413 1424 1441 ,
1474 1368 1667 1449 Virgi-

64 1455 202 1514 lium
245 1457 547 1516 Cremonae
571 1456 761 1515 studiis
785 1455 1064 1515 eruditum
1086 1502 1103 1530 ‚
1128 1456 1326 1516 deinde
1335 1461 1520 1535 fias-ma
1545 1483 1669 1539 toga

64 1550 355 1632 Magi-'sterit‘
378 1593 395 1621 ‚
433 1548 820 1607 Mediolanum
863 1544 1021 1606 ivisse
1056 1563 1346 1607 memorat.
1387 1557 1409 1586 2
1441 1552 1587 1625 Quae
1627 1552 1668 1610 fi

64 1664 204 1702 vera
242 1641 615 1713 admittimus,
655 1637 820 1697 fidem
855 1637 1177 1696 habebimus
1222 1640 1388 1699 etiam
1425 1640 1666 1698 Alexan-

64 1733 169 1790 dro
193 1731 397 1790 Abbati
419 1727 659 1788 Celefini
685 1728 1014 1787 Monasterii
1032 1773 1049 1803 ‚
1075 1731 1173 1808 qui
1198 1729 1292 1789 lib.
1334 1753 1384 1808 3.
1409 1732 1474 1788 cle
1505 1732 1669 1791 rebus

62 1809 225 1903 gestis
266 1819 502 1900 Rogerii
536 1817 741 1878 Siciliae
774 1819 916 1899 regis
948 1841 1070 1899 pag.
1120 1841 1244 1879 120.
1276 1819 1499 1899 scribit,
1534 1823 1669 1880 Vir-

53 1914 260 1994 gilium
303 1916 559 1990 Neapolis
597 1908 943 1972 Dominium
980 1910 1225 1971 habuisse
1251 1954 1268 1986 ,
1310 1926 1329 1965 3
1363 1914 1426 1971 Sc
1462 1913 1541 1971 ibi
1582 1915 1667 1972 in-

63 2027 199 2086 gens
246 2002 537 2064 Volumen
582 2004 917 2064 hexametris
959 2003 1208 2066 versibus
1250 2006 1669 2085 composuisse:

63 2098 128 2156 &
160 2120 279 2177 pag.
329 2119 450 2176 127.
485 2097 738 2155 meruisse
762 2097 830 2155 ab
866 2098 1117 2176 Augusto
1153 2099 1544 2177 Neapolitanae
1577 2122 1668 2158 ur-

63 2183 148 2246 bis
186 2190 249 2246 &
288 2184 447 2245 simul
481 2185 799 2266 provinciae
850 2186 1125 2244 Calabriae
1162 2188 1515 2248 dominatum
1555 2210 1665 2268 pro

64 2279 324 2352 duobus,
352 2299 499 2360 quos
532 2276 841 2358 scripserit,
873 2277 1120 2338 versibus
1147 2301 1161 2345 ς

131 2439 281 2490 Νοξὶε
306 2441 417 2507 pluit
444 2455 567 2501 tota,
596 2440 783 2490 redeunt
811 2439 1054 2508 speflacula
1086 2455 1248 2504 mane5

130 2519 346 2570 Divisum
379 2522 620 2587 imperium
654 2539 759 2570 cum
792 2530 907 2585 Jove
947 2521 1100 2576 Caesar
1134 2523 1287 2573 habet.

65 2685 323 2756 Rusticus
379 2685 733 2767 (Episcopus
773 2687 1154 2748 Narbonensis
1193 2711 1264 2748 an
1307 2684 1491 2771 alius)
1528 2688 1666 2772 Epi-

139 2894 158 2925 1
184 2876 418 2927 Cremona
435 2877 608 2926 literata
623 2875 767 2927 Tom.
784 2891 827 2926 2.
901 2890 946 2927 te
961 2871 1080 2926 XVI
1096 2915 1109 2938 ,
1124 2895 1226 2945 pag.
1247 2879 1360 2940 604.

65 2960 110 3010 p.
135 2962 248 3005 401.
976 2961 996 3009 3
1032 2944 1146 2994 Petr.
1176 2948 1463 2995 Burmannus
1493 2948 1669 3012 praefan

137 3031 161 3060 2
212 3008 477 3078 Christoph.
528 3010 652 3079 Aug.
693 3011 829 3060 Heu·
903 3012 960 3059 ad
990 3011 1130 3062 Tom.
1153 3014 1170 3063 l
1191 3015 1379 3063 ssusam}
1403 3014 1667 3083 scriptorum

67 3081 221 3128 manni
247 3079 366 3131 Asta
389 3080 694 3147 philosophos.
723 3078 830 3130 Par·
904 3077 1080 3129 Siciliae,

1230 3157 1271 3213 P
1310 3178 1340 3214 2
