2165 3792
499 210 680 290 258-
767 210 1216 266 NOTITIA
1282 211 1863 271 LITERARIA

497 343 638 400 doni
669 342 926 401 vindicat
965 343 1090 421 post
1119 343 1460 423 Scaligerum
1496 345 1669 403 Henr.
1723 345 2105 422 MeibomiuS,

495 436 597 516 qui
621 436 772 493 notis
804 435 1129 495 illustratam
1154 437 1565 496 commentario
1599 437 1698 495 suo
1731 439 1798 495 de
1822 441 1941 497 vita
1961 444 2103 498 Mae-

498 526 710 585 cenatis
731 525 989 600 inseruit,
1015 528 1188 607 Lugd.
1212 531 1286 587 Bt
1309 531 1449 608 1653
1472 573 1488 600 ‚
1507 550 1559 601 4.
1587 530 1649 587 ὃς
1669 531 1962 590 Theodor.
1984 535 2106 590 Go-

496 616 667 675 rallus
684 661 702 690 ,
725 617 791 674 de
818 615 976 695 cujus
1004 618 1252 675 editione
1287 640 1427 676 mox
1452 618 1648 676 dicam.
1676 620 1926 695 Pedoni,
1951 623 2106 680 Ovi-

496 707 575 764 dii
595 707 816 786 aequali,
836 707 1193 766 tribuendam
1217 722 1420 786 negant
1438 708 1605 766 etiam
1626 708 1835 787 Caspar
1852 710 2109 770 Barthius

494 799 556 858 in
582 801 955 858 Claudianum
993 821 1047 877 p.
1091 802 1218 876 163.
1243 800 1468 857 Voffius
1497 801 1591 859 lib.
1640 822 1690 859 2.
1727 801 1859 861 artis
1900 804 2107 860 Gram—

495 892 717 951 maticae
764 911 882 966 cap.
937 911 1028 964 27.
1075 890 1159 948 JO.
1196 889 1486 949 Maffonus
1523 891 1585 948 ‘in
1623 891 1744 950 vita
1787 893 2011 952 Horatii
2043 917 2108 974 p.

502 1003 607 1058 143
648 980 727 1061 sq.
753 982 815 1040 &
842 982 984 1038 Petr.
1017 983 1365 1038 Burmannus
1394 980 1608 1058 praefat.
1632 983 1700 1040 ad
1720 984 1948 1042 Petron.
1974 984 2110 1045 item

495 1075 557 1134 in
591 1073 743 1132 notis
775 1096 829 1152 p.
869 1092 997 1153 520.
1033 1073 1100 1130 ad
1126 1072 1405 1132 Ovidium
1439 1073 1512 1131 T.
1538 1077 1561 1130 1
1583 1119 1600 1147 ,
1635 1096 1756 1155 pag.
1787 1077 1922 1154 796.
1952 1078 2016 1135 &
2049 1077 2109 1136 in

495 1165 648 1230 libro
692 1163 911 1222 Gallice
947 1161 1210 1220 adversus
1241 1164 1325 1221 J0.
1358 1161 1646 1221 Clericum
1686 1165 1839 1222 edito
1881 1188 1932 1243 p.
1975 1188 2110 1227 212.

498 1258 563 1315 δέ
597 1278 653 1335 p.
703 1278 721 1313 1
742 1276 828 1331 17.
864 1260 957 1313 En
990 1253 1137 1335 effer,
1162 1259 1216 1311 la
1250 1254 1458 1311 latifzite‘
1476 1298 1494 1326 ,
1534 1261 1589 1313 la
1625 1257 1966 1337 verfification
1989 1302 2007 1330 ‚
2035 1265 2109 1316 les

497 1348 808 1426 exprffons
826 1370 931 1421 peu
946 1345 1212 1421 poe'tiqzces
1235 1389 1252 1416 ,
1281 1343 1333 1403 δ’
1358 1349 1483 1402 tout>
1501 1347 1753 1430 leststdme
1777 1351 1837 1404 de
1868 1369 1984 1405 cette
2007 1350 2107 1406 e'le-
2157 1329 2160 1339 ¹

496 1439 718 1518 giefont
738 1441 855 1496 vair
875 1441 1169 1494 clairement
1182 1482 1201 1507 ,
1240 1461 1331 1513 que
1354 1439 1467 1521 c’est
1491 1462 1588 1495 une
1606 1438 1740 1512 fade
1767 1437 1820 1496 δ’
1845 1441 2111 1516 mise'rable

489 1528 801 1609 produffion
839 1530 969 1585 d'zm
1004 1529 1513 1612 aspritfilzolczstique
1545 1533 1630 1586 des
1665 1533 1887 1588 derniers
1906 1532 2106 1612 siecles,

500 1621 715 1681 Ultima
744 1621 916 1677 verba
956 1618 1279 1677 Maecenatis
1303 1664 1320 1691 ‚
1354 1640 1485 1697 quae
1520 1619 1802 1697 incipiunt
1838 1641 1870 1676 a
1904 1620 2110 1679 versu:

499 1719 592 1771 Sic
625 1715 691 1797 esz'
718 1717 980 1770 Affaecenas
1000 1755 1017 1783 ,
1046 1724 1211 1791 atque
1252 1711 1312 1767 in
1344 1710 1722 1768 anterioribus
1763 1710 2111 1771 editionibus

498 1825 633 1862 cum
656 1802 830 1881 elegia
862 1800 920 1857 in
960 1800 1178 1857 obitum
1203 1802 1529 1859 Maecenatis
1564 1801 1691 1878 post
1721 1800 1939 1858 versum
1985 1824 2112 1877 144.

502 1896 871 1955 cohaerebant
890 1938 907 1966 ‚
935 1893 1256 1952 divellenda
1288 1916 1357 1952 ex
1383 1894 1647 1975 Scaligeri
1673 1893 1888 1972 judicio
1925 1894 2111 1959 statuit

502 1990 726 2049 Theod.
759 1986 1045 2046 Gorallus.

585 2158 638 2216 8.
684 2154 944 2234 Ejusdem
990 2156 1224 2210 Pedonis
1272 2157 1431 2230 elegia
1473 2173 1740 2231 perquam
1781 2152 2001 2232 elegans
2040 2152 2111 2211 ad

500 2248 722 2309 Liviam
753 2243 1057 2324 Augustam
1090 2248 1150 2301 de
1184 2264 1339 2301 morte
1361 2244 1537 2324 Drust
1566 2242 1846 2314 Neronis,
1872 2245 1934 2301 &
1967 2242 2107 2300 alius

499 2349 562 2401 de
591 2343 927 2417 navigatione
964 2337 1139 2417 Drusi
1178 2337 1479 2393 Germanici
1520 2354 1619 2411 per
1657 2335 1952 2392 Oceanum
1982 2333 2107 2412 sep-

500 2431 956 2502 temtrionalem‚
992 2450 1038 2486 a.
1076 2430 1147 2485 U.
1181 2428 1247 2485 C.
1273 2429 1418 2504 769,
1462 2426 1668 2484 Christi
1702 2427 1795 2498 16,
1825 2425 2106 2504 suscepta,

500 2525 873 2606 fragmentum
911 2541 981 2578 ex
1014 2521 1240 2577 Senecae
1269 2517 1526 2575 Suasoria
1553 2520 1591 2574 Ι.
1617 2518 1729 2574 Has
1748 2516 1991 2574 Pedonis
2016 2537 2106 2574 re-
2153 2595 2155 2598 ι

499 2619 705 2700 liquias
745 2613 1030 2675 universas
1060 2613 1336 2672 recensuit
1360 2658 1375 2686 ‚
1404 2634 1468 2671 ac
1508 2611 1730 2669 seorsim
1767 2633 1895 2671 cum
1930 2611 2105 2668 inter-

499 2709 820 2791 pretatione
860 2707 1119 2785 notisque
1159 2708 1221 2764 &
1247 2705 1355 2764 suis
1384 2708 1445 2765 ὅ(
1470 2704 1729 2782 Scaliger-i
1766 2725 1829 2762 ac
1859 2699 2106 2761 Linden-
2148 2720 2151 2721 ’

499 2801 687 2882 brogii
705 2845 722 2873 ‚
751 2815 916 2880 atque
943 2799 1002 2856 in
1027 2797 1257 2876 elegiam
1283 2797 1349 2853 de
1378 2811 1560 2854 morte
1584 2795 1757 2853 Drusi
1780 2794 2104 2853 annotatio-

501 2895 666 2952 nibus
713 2892 839 2951 Nic.
881 2890 1092 2949 Heinfii
1116 2930 1132 2957 ‚
1172 2891 1232 2948 ὅ(
1271 2888 1395 2945 utili
1435 2888 1620 2946 indice
1666 2887 1838 2945 edidit
1876 2885 2100 2944 Theod.

503 2984 770 3043 Coralius
794 3031 813 3054 ,
840 2983 956 3042 five
982 2981 1077 3061 qui
1105 2980 1202 3038 sub
1223 2979 1335 3036 hoc
1362 2978 1592 3036 nomine
1620 2977 1752 3036 latet
1771 3023 1788 3049 ,
1812 2979 1897 3037 JO.
1924 2974 2100 3034 Cleri-

501 3096 636 3150 effi,
664 3074 833 3135 Amst.
871 3092 1011 3150 1703
1041 3118 1057 3141 .
1089 3073 1139 3131 8.
1171 3074 1234 3130 ln
1268 3070 1560 3130 codicibus
1600 3069 1843 3148 antiquis
1876 3066 2097 3127 Ovidio
