2165 3792
473 218 610 280 DE
674 220 744 279 P.
808 222 1310 281 VJRGJLJO.
1578 240 1685 302 323

299 361 417 405 vett.
445 353 495 404 P.
521 355 575 404 V.
605 352 677 403 M.
710 351 862 402 Culex
881 367 939 400 ex
965 355 1116 402 Bembi
1136 356 1327 419 castigg.
1350 353 1472 406 Dirae
1488 393 1502 415 ‚
1525 356 1665 406 AEtna
1681 394 1696 418 ‚

302 421 451 482 Ciris,
483 422 759 479 Moretum,
787 418 950 481 Copa,
986 419 1228 470 Catalecia
1253 439 1310 471 ex
1334 440 1426 473 em.
1464 423 1506 484 J.
1534 425 1700 490 Scalig.

300 488 543 539 Leffionis
586 486 850 535 emendatae
881 485 1000 534 ratio
1042 503 1101 535 ex
1137 490 1284 551 antiq.
1327 491 1611 543 Grammatt.
1652 495 1698 542 &

300 554 535 605 librorum
565 553 920 614 observatione,
945 553 1133 603 reddita
1158 572 1185 604 a
1211 556 1294 606 Ge.
1325 557 1570 620 fabrici03
1597 575 1702 623 quae

301 622 534 672 volumini
572 620 717 669 finem
753 619 886 670 facit.

102 690 224 758 1625
297 690 648 739 Pulmanniana.
682 686 874 737 Amstel.
905 687 952 736 8.

301 767 350 817 P.
388 765 446 814 V.
480 764 550 814 M.
579 764 832 814 Poetarum
866 762 1126 812 latinorum
1162 763 1421 828 principis,
1453 767 1611 831 Opera
1637 767 1706 818 in·

303 831 523 882 dubitata
560 832 740 881 omnia.
792 832 865 880 Ad
905 829 1087 880 doctiss.
1124 831 1178 880 R.
1219 833 1264 881 P.
1296 833 1468 892 jacobi
1505 836 1708 884 Pontani

299 899 632 962 castigationes
670 899 1015 948 accuratissime
1049 898 1218 948 excusa
1250 915 1361 948 cum
1394 901 1554 950 indice
1589 902 1709 951 eius-

303 967 417 1017 dem
446 965 832 1031 locupletissimo.
883 965 1093 1029 Reliquis
1129 983 1232 1029 quae
1262 968 1477 1018 Maronis
1513 972 1708 1020 nomine

303 1035 707 1084 circumferuntur
738 1032 976 1096 opusculis
1008 1033 1194 1081 seorsim
1229 1034 1474 1098 impreffis.
1522 1035 1579 1086 In
1615 1039 1711 1086 flo-

302 1101 562 1150 rentiffima
591 1103 973 1169 Agrippinenfium
996 1102 1204 1161 colonia,
1226 1101 1458 1152 sumtibus
1485 1104 1712 1154 Bernhar-

305 1171 358 1218 di
401 1171 627 1229 Gualceri‚
665 1185 790 1218 anno
820 1167 900 1217 sal.
935 1167 1155 1216 humanae
1191 1169 1628 1220 MDCXXV.‹--—
1654 1173 1711 1222 In

303 1237 431 1287 fine:
465 1238 662 1286 Coloniae.
689 1235 968 1286 Excudebat
994 1236 1230 1285 Henricus
1258 1237 1402 1302 Κωῂἳ4
1435 1238 1706 1302 sumptibus

304 1304 534 1355 Bernardi
560 1303 821 1354 Gualtheri.
854 1306 1013 1353 ANNO
1035 1303 1106 1352 M.
1146 1304 1244 1353 DC.
1266 1306 1426 1355 XXV.
1463 1308 1708 1373 Typogra-

344 1371 433 1419 hus
466 1372 514 1419 in
544 1372 674 1434 praef.
701 1372 747 1421 se
776 1371 838 1420 ad
871 1388 1089 1420 normam
1118 1371 1288 1434 Operis
1311 1372 1574 1436 Symbolici
1606 1376 1708 1435 Jae.

305 1390 508 1490 Pontani
553 1442 597 1489 S.
648 1440 690 1500 J.
742 1441 791 1487 in
836 1439 1034 1503 gratiam
1082 1439 1363 1501 philomusae
1415 1444 1709 1504 juventutis,

305 1506 549 1570 grandiori
583 1507 854 1557 chama-ere
890 1506 1068 1557 notatis
1097 1507 1368 1564 sententiis.
1397 1511 1708 1573 ejusdemque

301 1574 472 1624 Indice
522 1574 836 1638 copiofiffimo
895 1573 1081 1638 Virgilii
1135 1588 1450 1627 monumenta
1512 1579 1703 1628 indubi-

304 1653 402 1691 tata
439 1643 669 1691 recudere
701 1642 899 1692 voluiss'e
934 1642 1198 1706 profitetur.

311 1721 356 1768 ἃ
392 1720 516 1769 1626
550 1721 596 1770 P.
630 1720 685 1768 V.
717 1719 788 1770 Μ.
818 1720 979 1782 Opera
1010 1720 1071 1768 ad
1100 1720 1197 1779 Jac.
1226 1721 1423 1769 Pomani
1449 1723 1715 1786 castigatio-

306 1801 407 1835 nes.
444 1788 611 1835 Seduni
644 1787 770 1849 typis
809 1788 883 1846 Jo.
906 1789 1116 1835 Iannoni.
1165 1805 1236 1851 32.
1278 1788 1435 1837 Editio
1471 1789 1711 1839 literarum

307 1853 476 1902 formis
511 1852 775 1901 minoribus
809 1853 982 1901 nobilis
1003 1892 1015 1913 ‚
1048 1853 1107 1902 ab
1144 1870 1198 1901 ea
1229 1855 1366 1903 distis
1385 1857 1717 1921 Sedanenstbus.

307 1921 369 1970 cf.
411 1921 543 1970 Burii
576 1919 796 1984 bibliogr.
835 1921 1043 1969 instrust.
1077 1937 1122 1968 n.
1154 1920 1296 1986 2683.

107 2001 232 2064 1627
299 2000 351 2048 in
393 1998 538 2060 Corp.
570 1998 809 2049 Poet.1a1:.
855 1999 977 2048 Edit.
1007 1998 1093 2047 ΠΙ.
1137 1999 1354 2050 Genevae.
1393 2020 1438 2062 4.

111 2075 238 2124 1628
307 2076 356 2124 P.
386 2076 443 2123 V.
467 2075 539 2124 M.
572 2090 683 2122 cum
708 2078 849 2124 Cerdae
869 2076 1163 2124 Commentt.
1195 2075 1424 2130 Coloniae.
1444 2074 1528 2129 fol.
1551 2095 1574 2145 3
1600 2076 1712 2132 voli.

309 2142 421 2191 vide
444 2141 666 2204 Lugdun.
708 2142 831 2206 1617
869 2145 912 2191 &
942 2142 1162 2191 Francof.
1200 2144 1341 2192 1608.

311 2209 471 2260 AEneae
507 2209 911 2273 peregrinationes
939 2208 986 2258 h.
1019 2226 1060 2261 e.
1097 2208 1224 2259 Libri
1260 2211 1324 2260 VI
1356 2212 1537 2274 priores
1561 2214 1722 2267 AEnei.

311 2277 398 2326 dos
438 2275 609 2340 analyfi
655 2274 996 2340 simpliciflima
1035 2277 1231 2326 enodati
1281 2295 1307 2327 a
1345 2277 1531 2331 Melch.
1575 2285 1723 2334 Stein-

317 2347 464 2393 bruck.
503 2344 726 2407 Coburgi.
758 2345 829 2394 16.

118 2422 244 2490 1629
312 2421 362 2472 P.
392 2421 456 2469 V.
485 2421 553 2471 M.
585 2421 743 2482 Opera
778 2436 819 2470 e.
855 2420 1002 2472 schol.
1035 2421 1110 2482 Jo.
1146 2438 1173 2470 a
1208 2424 1391 2487 Meyen.
1421 2421 1640 2474 Francof.
1673 2425 1718 2475 8.

316 2488 479 2537 recusa
509 2505 565 2537 ex
595 2489 812 2539 francof.
855 2490 993 2540 1616.

121 2565 246 2630 1630
314 2565 364 2615 P.
396 2566 452 2614 V.
490 2566 561 2616 Μ.
607 2566 732 2629 Opp.
768 2564 933 2615 clariff.
967 2565 1180 2615 virorum
1220 2576 1408 2616 annott.
1456 2566 1718 2619 illustrata:

319 2648 465 2697 opera
496 2633 632 2694 Joan.
660 2651 687 2682 a
720 2635 901 2698 Meyerz.
934 2635 1082 2700 Paris.
1132 2633 1208 2694 Jo.
1236 2636 1398 2684 Libert.
1434 2635 1479 2685 8.
1516 2652 1573 2685 ex
1600 2637 1720 2687 Ven.

325 2699 468 2816 ifgii]
498 2768 569 2818 M.
608 2766 810 2834 Hispali.
848 2767 892 2817 8.

119 2833 489 2895 —-—-÷-Idem,
511 2851 569 2884 ex
596 2850 686 2883 ree.
713 2835 796 2884 PP.
830 2836 875 2885 S.
910 2835 952 2896 J.
981 2834 1209 2898 Antverp.
1241 2834 1271 2884 8
1307 2837 1352 2885 ἅ
1382 2853 1454 2887 12.

126 2903 250 2967 1632
317 2901 368 2950 P.
408 2903 466 2952 V.
503 2903 574 2952 M.
611 2903 828 2952 Genevae.
875 2920 946 2952 12.

130 2983 251 3048 1633
322 2982 370 3031 P.
397 2982 455 3033 V.
486 2982 555 3032 Μ.
588 2997 627 3031 e.
657 2982 846 3031 Comm.
881 2981 988 3034 Nic.
1019 2982 1219 3031 Abrami.
1249 2981 1527 3049 Rotlzomagi.
1550 2981 1595 3032 8.
1626 2998 1723 3047 rep.

327 3048 445 3097 ibid.
484 3049 608 3114 1637
647 3052 689 3098 ὁὶ
733 3049 870 3110 1648.

126 3116 470 3166 ——Idem
491 3155 506 3177 ‚
555 3116 829 3184 Muffiponti.

1248 3199 1383 3255 X2
