2165 3792
584 216 988 277 'LIBER
1070 223 1199 279 ΙΙΙ.

106 351 342 412 Proximus
369 371 508 432 atque
529 351 605 410 alii
631 351 867 412 subeuntia
889 353 1012 432 signa
1036 354 1299 431 sequuntur.

105 447 229 500 Luna
247 443 370 500 dabit
392 442 598 510 mense5‚
618 444 799 524 peragit
825 446 953 523 qnod
978 446 1204 503 menstrua
1228 445 1422 504 cursum.

103 534 377 612 Tutelaeque
401 534 491 591 suae
515 534 681 613 primas
703 535 1015 615 Horoscopos
1041 535 1176 593 horas

102 624 270 682 Afferit
286 671 302 694 ‚
326 619 463 705 atque
487 624 585 682 dies
605 625 741 682 tradit
761 625 1062 705 sequentibus
1084 627 1219 684 astris,

100 715 176 770 sic
200 738 363 772 annum
383 759 398 782 ‚
422 715 693 795 mensesque
719 718 824 775 suos
853 737 1006 775 natura
1027 717 1216 796 diesque
1232 762 1249 785 ‚

99 814 256 884 Atque
280 806 395 885 ipsas
417 807 572 864 voluit
598 810 824 866 numerari
850 808 974 889 signa
995 832 1079 889 per
1104 810 1268 866 horas:

100 892 273 950 Omnia
293 913 342 950 ut
368 917 507 952 omne
530 895 654 953 foret
677 896 872 954 divisum
895 917 1072 977 tempus
1097 897 1144 954 iu
1167 896 1274 954 astra
1291 942 1307 965 ‚

98 991 279 1065 Perque
303 990 471 1047 alterna
495 989 601 1047 suos
624 989 815 1047 variaret
832 989 975 1047 fidera
999 1008 1150 1046 motus
1169 1034 1186 1055 ‚

100 1081 167 1137 Ut
187 1080 406 1160 cujusque
428 1082 553 1140 vices
573 1102 731 1162 ageret
755 1082 990 1141 redeuntis
1015 1083 1061 1139 in
1085 1082 1266 1140 orbem.

98 1170 282 1230 Idcirco
310 1194 432 1233 tanta
459 1175 522 1233 est
549 1198 700 1232 rerum
729 1174 960 1232 discordia
988 1175 1035 1231 in
1059 1199 1164 1232 aevo
1188 1219 1204 1241 .,

98 1269 158 1324 Et
183 1268 389 1324 subtexta
412 1267 538 1324 malis
562 1267 683 1324 bona
706 1268 808 1324 sunt
829 1310 840 1333 ,
861 1266 1153 1345 lacrimaeque
1178 1265 1429 1345 sequuntur

101 1363 228 1417 Vota
247 1403 261 1426 ‚
284 1381 379 1416 non
403 1357 447 1415 in
473 1358 666 1416 cunstos
695 1359 844 1416 servat
867 1359 1051 1416 fortuna
1080 1377 1309 1415 tenorem.

99 1450 258 1528 Usque
278 1449 399 1505 adeo
425 1447 650 1527 permixta
675 1447 777 1505 fluit
794 1492 810 1516 ‚
835 1471 921 1506 nec
945 1466 1184 1527 permanet
1205 1448 1428 1527 usquam3

97 1538 353 1617 Amifitque
378 1538 518 1595 fidem
543 1538 762 1597 variando
789 1539 948 1594 cunsta
974 1561 1056 1616 per
1080 1560 1260 1596 omneS.

95 1634 210 1688 Non
234 1629 364 1687 annis
387 1629 523 1695 anni,
550 1651 645 1686 non
669 1628 845 1686 menses
867 1629 1096 1685 mensibus
1119 1628 1266 1707 usque

93 1720 435 1787 Conveniunt3
465 1720 603 1799 seque
626 1719 724 1798 ipse
746 1718 844 1776 dies
864 1763 879 1786 ‚
901 1718 1136 1797 aliumque
1160 1719 1383 1799 relinquit
1397 1745 1412 1787 ;

92 1815 319 1891 Horaque
343 1834 437 1870 non
457 1810 539 1867 ulli
566 1809 720 1867 similis
743 1808 1017 1890 producitur
1042 1810 1188 1868 horae‘

90 1896 330 1983 Tempora
354 1901 604 1961 consistunt
627 1901 831 1982 propriis
854 1903 1055 1960 carentia
1081 1902 1250 1983 signu,

93 1999 183 2053 Per
208 2018 422 2052 numeros
454 2017 616 2053 omnes
639 1994 727 2052 aevi
753 1994 897 2053 divisa
922 1994 1153 2052 volantis:

90 2090 321 2168 Talesque
348 2089 556 2147 efficiunt
581 2088 703 2147 vires
719 2133 734 2156 ‚
757 2089 977 2169 casusque
1002 2089 1264 2157 minantur,

91 2179 265 2255 Qualia
285 2180 418 2247 sunt,
443 2203 639 2260 quorum
665 2179 846 2237 vicibus
873 2200 970 2238 tum
991 2181 1240 2247 vertimur,
1266 2180 1395 2238 astra.‘

90 2272 207 2326 Sunt
228 2269 390 2347 quibus
414 2269 463 2328 δε
487 2268 595 2328 coeli
619 2270 799 2348 placeat
817 2270 1040 2328 nascentis
1063 2271 1117 2328 ab
1141 2289 1246 2327 ortu
1262 2315 1279 2338 ‚

88 2354 251 2413 Sidere
270 2398 285 2420 ,
309 2378 445 2434 quem
468 2378 729 2414 memorant
751 2359 1076 2438 Horoscopon
1099 2405 1114 2428 ‚
1139 2360 1396 2418 inventuris

91 2451 226 2506 Parte
250 2447 382 2525 quod
407 2469 464 2503 ex
484 2446 562 2503 illa
583 2446 854 2503 describitur
876 2448 992 2505 hora
1015 2450 1178 2506 diebus
1197 2494 1214 2516 .‚

94 2543 254 2596 Omne
277 2561 420 2617 genus
447 2536 638 2594 rationis
661 2537 734 2615 agi
758 2560 841 2615 per
864 2558 1078 2618 tempora
1102 2539 1152 2597 Sc
1175 2540 1320 2607 astra·,

93 2635 151 2690 Et
175 2632 326 2712 capite
352 2655 409 2690 ex
429 2655 526 2689 uno
549 2634 728 2689 menses
752 2632 995 2711 annosque
1020 2633 1212 2712 diesque

89 2721 299 2802 Incipere
325 2741 460 2802 atque
486 2722 623 2779 horas
644 2766 656 2789 ‚
681 2722 891 2801 tradique
917 2722 1211 2802 sequentibus
1232 2724 1384 2782 astris:

90 2817 150 2870 Et
172 2837 426 2894 quanquam
446 2814 570 2871 socia
599 2813 844 2871 nascuntur
871 2813 1057 2894 origine
1081 2815 1238 2872 cuncta
1255 2860 1272 2882 ,

89 2904 301 2963 Diversas
323 2926 474 2963 tamen
500 2905 591 2963 effe
615 2906 770 2971 vices·‚
798 2906 927 2984 quod
953 2905 1120 2963 tardius
1144 2906 1252 2974 illa,

90 2999 203 3055 Haec
229 2997 360 3055 citius
385 3017 610 3078 peragunt
634 2999 825 3056 orbem:
850 2998 980 3056 venit
1006 2999 1156 3056 omnis
1183 3000 1240 3055 ad
1260 3001 1419 3060 astrum

89 3090 218 3148 Hora
239 3088 315 3149 die
339 3089 408 3148 bis
424 3134 440 3160 ‚
465 3091 621 3148 mense
644 3090 742 3149 dies
765 3090 937 3162 semel,
961 3114 1071 3150 unus
1095 3090 1142 3150 in
1167 3114 1291 3150 anno
1318 3165 1323 3172 ι

1597 742 1709 796 520

1599 1194 1705 1252 525

1597 1651 1705 1706 530

1598 2114 1701 2169 535

1593 2564 1703 2618 54³

1588 3024 1691 3083 545
