2165 3792
1547 223 1650 281 143

322 373 1413 536 M²MAN1L11

65 691 1668 796 ASTRONOMICON

326 955 682 1070 LIBER
769 956 1390 1047 QUARTUS.

27 1321 233 1497 ἂρ
249 1429 349 1465 un)
372 1425 461 1466 tam
487 1406 696 1468 sollicitis
719 1408 860 1467 vitam
882 1409 1196 1469 consumimus
1217 1409 1378 1470 annis?

68 1498 461 1575 Torquemurque
488 1517 612 1555 metu
631 1543 647 1566 ‚
672 1521 887 1577 caecaque
912 1496 1131 1577 cupidine
1153 1508 1339 1559 rerum?

69 1587 366 1666 AEternisque
390 1588 518 1645 senes
542 1588 660 1646 curis
678 1635 695 1662 ‚
719 1590 828 1646 dum
851 1590 1095 1669 quaerimus
1118 1612 1269 1650 aevmn
1289 1637 1306 1660 ‚

70 1682 338 1747 Perclimus;
364 1680 413 1739 &
440 1681 572 1739 nullo
597 1701 819 1740 votorum
841 1682 934 1739 fine
957 1680 1079 1740 beati

71 1772 287 1831 Vi&uros
310 1773 484 1853 agimus
514 1773 724 1854 semper,
750 1797 835 1832 nec
856 1773 1056 1831 vivimus
1080 1781 1317 1853 unquam?
1648 1798 1675 1855 ς

21 1918 51 1956 ‘e
69 1866 418 1947 Pauperiorque
443 1867 580 1926 bonis
602 1867 794 1948 quisque
818 1867 880 1926 est
897 1912 912 1936 ,
938 1867 1018 1947 qui
1039 1868 1169 1947 plura
1191 1866 1422 1947 requirit?

16 1961 174 2035 4Nec
200 1959 329 2037 quod
357 1958 523 2029 habet,
551 1982 782 2018 numerat:
802 1978 979 2018 tantum
1003 1960 1133 2038 quod
1159 1982 1257 2019 non
1284 1960 1422 2021 habet
1439 2009 1455 2034 ‚
1478 1969 1642 2044 optat?

76 2053 290 2129 Cumque
317 2050 381 2108 sui
407 2074 576 2130 parvos
598 2052 702 2111 usus
726 2073 880 2111 natura
908 2052 1154 2133 reposcat,

77 2140 322 2198 Materiam
349 2140 558 2199 struimus
581 2165 762 2223 magnae
786 2166 870 2224 per
892 2162 1001 2203 vota
1025 2143 1207 2201 ruinae?

77 2231 409 2312 Luxuriamque
429 2235 568 2294 lucris
591 2237 784 2294 emimus
805 2281 821 2305 .,
845 2237 1048 2315 luxuque
1071 2235 1281 2315 rapinas?
1616 2260 1687 2299 ιο

77 2325 137 2380 Et
158 2322 376 2380 summum
401 2325 563 2383 census
589 2327 786 2405 pretium
813 2328 876 2384 est
901 2327 1143 2385 effundere
1168 2326 1389 2386 censum?

82 2413 263 2471 Solvite
281 2459 296 2486 ‚
320 2415 536 2473 mortales
555 2459 570 2483 ‚
596 2417 771 2475 animos
789 2461 804 2483 ,
827 2418 1047 2496 curasque
1070 2418 1251 2487 levate,

80 2507 274 2582 Totque
299 2504 591 2584 supervacuis
615 2506 753 2566 vitam
776 2506 965 2586 deplere
992 2507 1212 2586 querelis.

80 2598 189 2653 Fata
210 2615 378 2674 regunt
399 2596 562 2653 orbem
582 2642 598 2665 ‚
625 2617 750 2654 certa
772 2597 880 2655 stant
904 2597 1060 2656 omnia
1084 2598 1224 2677 lege,

82 2688 340 2766 Longaque
364 2708 447 2765 per
471 2709 622 2744 certos
648 2685 882 2766 signantur
906 2706 1118 2766 tempora
1138 2685 1309 2744 cursus.
1624 2709 1687 2766 ις

37 2777 342 2884 ΞΝῖᾱίςεῐιέες
364 2777 588 2835 morimur
606 2823 621 2845 ‚
646 2777 842 2856 finisque
864 2778 920 2834 ab
943 2777 1129 2857 origine
1150 2778 1342 2859 pendet,

88 2866 212 2924 Hinc
237 2868 286 2925 &
308 2891 424 2948 opes
454 2867 503 2926 &
525 2891 666 2948 regna
689 2867 872 2935 fluunt,
895 2868 943 2926 Sc
966 2868 1129 2949 saepius
1153 2888 1257 2927 orta

90 2961 366 3036 Paupertas3
388 2957 598 3036 artesque
619 2959 737 3013 datae
755 3001 772 3022 ,
796 2956 1045 3036 moresque
1071 2958 1241 3029 creati,

95 3052 153 3107 Et
176 3049 286 3110 vitia
301 3095 317 3122 ,
340 3050 389 3110 ἃ.
411 3049 562 3111 clades
580 3095 596 3122 ‚
617 3050 778 3111 damna
793 3094 808 3117 ,
835 3049 884 3110 δι
909 3051 1190 3131 compendia
1212 3066 1380 3112 rerum*
