2165 3792
494 211 638 267 DE
703 210 768 265 P.
839 206 1350 301 VIRGILJO.
1616 220 1727 282 315

340 355 485 402 opera
518 339 640 401 Virg.
668 336 819 385 edidit
846 334 884 380 is
916 333 1055 380 etiam
1099 333 1150 382 L.
1196 332 1328 383 xm.
1361 328 1589 393 Maphei,
1629 328 1736 390 Epi-

339 417 632 470 grammata,
671 403 887 453 Culicem
939 415 996 447 ex
1033 397 1201 448 Bembi
1242 400 1398 463 castig.
1467 396 1602 447 Diras
1645 399 1737 445 oze.

341 473 579 523 Cataleri'ta
608 487 665 520 ex
695 469 887 518 emend.
922 466 1017 527 Jos.
1051 468 1291 533 Scaligeri:
1322 466 1469 515 finem
1499 465 1613 513 facit
1640 463 1737 511 lec-

336 541 481 590 tionis
507 538 771 590 emendatae
803 535 926 584 ratio
954 549 1012 582 ex
1032 535 1338 595 antiquorum
1372 535 1580 583 Gramm.
1608 534 1651 580 &a
1671 529 1738 578 li-

343 608 538 658 brorum
566 604 895 654 observatione
922 602 1120 651 redditae
1157 617 1183 648 a
1209 601 1264 649 G.
1297 604 1513 649 Fabricio.
1555 599 1628 649 Est
1651 598 1738 660 igi-

339 686 416 724 tur
447 675 549 724 haec
584 672 734 722 editio
766 671 888 720 inter
918 670 1064 719 bonas
1106 669 1354 717 referenda
1388 667 1643 730 i'aepiul'qoe
1668 681 1740 714 re-

337 743 486 806 petita
519 741 625 789 fuit.
928 770 931 773 -

142 810 266 879 1582
336 810 557 874 Erythraei
580 808 655 858 VI
682 825 692 857 ε
727 807 896 856 Venet.
929 822 1006 869 ap.
1037 803 1318 867 Rampazeti
1351 805 1394 852 8<
1429 801 1565 852 Seffie
1598 800 1739 848 here-

339 877 440 926 des.
481 877 526 926 8.
558 876 760 940 repetita
790 874 1055 924 secundum
1086 872 1184 930 ΙΙΙ,
1218 887 1293 920 an.
1325 871 1444 937 1565
1486 869 1551 932 sq.

339 954 565 1005 Bucolica
590 956 637 1007 P.
655 956 789 1006 Rami
810 952 1038 1018 praelecftt.
1064 950 1288 1014 exposita.
1323 949 1449 998 Edit.
1477 949 1557 999 IV.
1599 948 1633 998 F
1637 965 1741 997 ran-

339 1022 566 1141 {oz-SM·
598 1091 757 1152 Opera
787 1105 899 1137 cum
927 1085 1217 1149 Metaphrafi
1255 1083 1436 1135 Gallica
1465 1083 1667 1134 Roberti
1695 1085 1741 1134 Sc

337 1158 535 1208 Antonii
565 1158 908 1208 Cevalieriorum.
944 1153 1081 1203 Paris.
1113 1174 1158 1215 4.

143 1235 267 1304 1583
340 1237 407 1286 H.
439 1237 651 1303 Stephani
684 1235 765 1284 II:
815 1234 1031 1284 Genevae.
1074 1231 1118 1281 8.
1177 1230 1409 1294 repetita3
1449 1246 1552 1293 quae
1584 1228 1746 1292 priore

340 1303 506 1352 multis
532 1303 649 1352 locis
681 1301 851 1350 melior
880 1301 958 1352 est.

344 1382 564 1446 Erythrai
604 1380 725 1441 VII,
764 1378 1064 1429 emendatior
1105 1377 1162 1427 I:
1205 1376 1321 1427 Buc,
1364 1376 1447 1426 Ge.
1478 1375 1584 1425 AEn.
1626 1372 1739 1422 Nic.

343 1448 569 1512 Erythraei
599 1449 756 1512 Opera
782 1449 830 1495 in
849 1447 1091 1510 pristinam
1116 1445 1375 1493 lectionem
1401 1443 1642 1500 restituta,
1661 1440 1746 1488 ad-

351 1517 462 1565 ditis
499 1515 714 1578 ejusdem
742 1514 932 1564 scholiis
955 1517 997 1563 ἃ
1017 1514 1177 1562 indice
1198 1540 1295 1548 --
1317 1528 1375 1561 ex
1402 1511 1514 1560 edit.
1542 1509 1615 1559 Fr.
1636 1507 1748 1572 Syb-

343 1585 495 1650 burgii.
522 1584 730 1649 Francofi
755 1601 830 1646 ap.
858 1582 1070 1631 haeredes
1091 1582 1141 1630 A.
1165 1581 1381 1631 Weclzeli.
1406 1578 1450 1626 8.
1467 1575 1746 1642 Sylburgius

344 1652 396 1699 in
428 1652 558 1714 praef.
598 1651 644 1699 se
681 1667 792 1699 cum
833 1651 906 1710 Jo.
944 1651 1157 1716 Opfhpoeo
1217 1646 1444 1711 Erythraei
1492 1643 1747 1708 Virgilium

347 1735 460 1767 cum
487 1719 647 1768 indice
676 1719 735 1768 ab
760 1719 1019 1766 innumeris
1044 1718 1186 1766 naevis
1210 1715 1514 1765 librariorum
1541 1712 1575 1763 s.
1604 1722 1748 1774 typo-

344 1785 636 1850 graphorum
676 1786 967 1849 negligentia
1007 1783 1149 1834 illatis
1192 1781 1461 1846 repurgasse
1507 1781 1597 1841 ait⁷
1639 1795 1744 1841 quae

343 1853 559 1916 inprimis
598 1855 707 1902 edd.
753 1853 960 1902 Venetas
1010 1853 1128 1918 1565
1179 1854 1223 1900 Se
1269 1850 1332 1912 sq.
1372 1848 1494 1914 1582
1534 1848 1749 1896 foedave-

342 1931 461 1969 rant.
521 1921 671 1984 Igitur
701 1921 761 1969 ad
798 1919 910 1968 edit.
947 1919 968 1967 I
1003 1934 1076 1967 an.
1129 1918 1252 1984 1538
1290 1921 1335 1967 δε
1366 1915 1431 1978 sq.
1481 1915 1643 1964 omnia
1675 1930 1748 1962 re-

347 1988 573 2037 censuiffe
602 1989 792 2038 videtur
832 1986 1040 2050 Heynio.
1086 1986 1236 2035 Index
1268 2001 1458 2048 quoque
1496 1982 1748 2046 separatim

346 2056 555 2103 occurrit
582 2055 628 2103 h.
652 2066 686 2103 t.
725 2056 915 2103 Vocum
951 2053 1169 2102 omnium
1205 2070 1259 2101 ac
1292 2069 1449 2101 rerum
1482 2052 1530 2099 in
1548 2048 1747 2113 Virgilio

346 2122 516 2186 sylvae,
540 2125 662 2171 audi.
694 2123 937 2186 Erythraeo.
973 2121 1193 2170 Francof.
1220 2120 1268 2170 8.

347 2199 397 2248 P.
440 2200 495 2246 V.
540 2199 609 2247 M.
642 2215 667 2246 e
704 2199 806 2248 MS.
858 2199 1057 2263 Carpenfi
1097 2195 1183 2259 (h.
1229 2212 1272 2244 e.
1312 2194 1571 2253 Medieeo)
1615 2208 1655 2241 c.
1700 2208 1749 2240 n.

346 2265 497 2316 Paulli
526 2267 746 2314 Manutii.
805 2266 998 2313 Veneriis
1039 2264 1165 2326 apud
1202 2262 1374 2311 Aldum
1413 2259 1604 2328 (Paulli
1639 2258 1749 2317 fil.)

344 2334 532 2386 Praeivit
560 2333 674 2382 huic
711 2333 825 2381 edit.
881 2331 1052 2381 Paulus
1093 2332 1327 2380 Gabianus
1360 2346 1435 2378 an.
1477 2328 1630 2396 1565,
1663 2326 1748 2377 ubi

345 2402 470 2450 vide.

146 2471 483 2519 -——-Rami
520 2467 750 2532 praeleclt.
785 2467 836 2515 in
871 2467 996 2530 Virg.
1029 2464 1075 2515 8.

152 2550 272 2619 1585
344 2549 391 2598 P.
419 2549 475 2597 V.
510 2547 583 2596 M.
617 2563 729 2595 cum
762 2549 954 2596 Armott.
991 2545 1152 2594 Paulli
1178 2547 1308 2593 Man.
1349 2546 1392 2594 Sc
1427 2544 1510 2594 Ge.
1545 2543 1753 2594 Fabricii.

350 2616 571 2680 Lugdun.
604 2615 656 2664 B.
687 2614 731 2664 8.
769 2615 915 2663 exstat
950 2613 997 2661 in
1023 2611 1144 2663 Bibl.
1177 2612 1397 2661 Franeof.

355 2708 490 2742 ——c.
527 2691 636 2754 figg.
664 2692 791 2739 notis
831 2707 948 2740 varr.
989 2691 1034 2739 δε
1066 2688 1197 2752 praef,
1236 2688 1612 2737 Melanchtlzonis.
1663 2687 1753 2736 Co·

349 2760 446 2811 lon.
481 2760 526 2810 8.
559 2758 675 2808 Pilia
703 2759 893 2807 vitietur
931 2758 1148 2824 Tigurinae
1184 2755 1324 2805 Frifii.

157 2828 280 2896 1586
351 2829 676 2885 Flaminiana,
713 2827 784 2876 16.
822 2827 1017 2874 minutae
1043 2825 1208 2873 formae
1232 2823 1282 2883 Ι,
1304 2839 1363 2872 ex
1397 2820 1491 2873 Th.
1510 2822 1752 2870 Pulmanni

350 2911 446 2946 ree.
482 2895 557 2945 Est
589 2893 690 2942 haec
717 2895 792 2943 ed.
829 2894 887 2942 ab
923 2892 1024 2956 ipso
1066 2891 1282 2942 Plautino
1309 2890 1532 2952 inscripta
1559 2890 1751 2939 Laevino

351 2963 652 3013 Torrentino.
681 2962 947 3025 Antverpiae
976 2960 1047 3010 M.
1068 2960 1128 3009 D.
1149 2959 1358 3009 XXCVI
1380 2957 1485 3009 Kal.
1505 2958 1755 3018 Jammriss.

354 3031 750 3079 Henrico-Pecriaa
775 3031 849 3079 V:
884 3027 1017 3079 Bafil.
1050 3026 1134 3076 fol.
1166 3027 1385 3090 Repetita
1411 3026 1515 3089 post
1556 3041 1694 3091 1575.

153 3099 403 3149 e--—R
430 3097 485 3148 V.
505 3097 576 3150 M.
599 3112 713 3146 cum
733 3097 952 3164 Erythrai
980 3095 1140 3146 indice
1169 3095 1230 3145 ad
1253 3110 1504 3145 numerum
1529 3093 1750 3143 versuum
