2165 3792
627 223 1022 283 LIBER
1104 228 1219 283 IV.

94 360 151 415 Et
172 377 324 414 mores
347 377 433 435 pro
457 356 578 414 sorte
604 377 733 434 pares
752 400 767 421 ,
791 355 991 433 ritusque
1016 357 1249 413 locorum.

92 445 223 503 Adde
245 467 391 524 genus
414 443 651 523 proprium
678 442 810 500 fimili
834 444 913 502 sub
936 444 1109 502 semine
1126 445 1311 524 frugum
1329 494 1346 518 ‚

89 539 148 592 Et
171 538 393 593 Cererem
416 536 535 593 varia
561 536 831 593 redeuntem
856 537 995 594 meffe
1026 560 1108 617 per
1132 538 1326 607 orbem,

89 633 192 687 Nec
215 628 396 708 paribus
421 628 600 708 siliquas
624 629 904 687 referentem
929 629 1102 709 viribus
1126 653 1319 689 omnes:

87 722 188 776 Nec
211 737 257 776 te
277 765 291 786 .,
314 717 490 776 Bacche
509 763 524 785 ‚
546 718 642 798 pari
669 719 918 778 donantem
940 742 1133 779 munere
1158 740 1296 780 terras
1315 765 1333 790 ,

86 819 241 890 Atque
263 810 370 868 alias
392 809 489 867 aliis
514 811 783 869 fundentem
809 811 1010 869 collibus
1035 835 1175 870 uvas:

89 901 313 958 Cinnama
336 923 420 960 nec
447 899 557 959 totis
578 901 729 981 paffim
755 901 985 960 nascentia
1008 902 1178 983 campis
1199 928 1211 959 :

83 992 295 1052 Diversas
316 993 545 1072 pecudum
565 994 701 1052 facies
720 1039 735 1062 ‚
757 993 1064 1075 propriasque
1088 996 1286 1053 ferarum
1304 1039 1322 1063 ‚

83 1087 141 1141 Et
162 1082 334 1162 duplici
356 1083 532 1141 clausos
555 1082 821 1163 eiephautas
844 1106 1028 1142 carcere
1054 1104 1200 1142 terrae.

82 1178 218 1250 Quot
243 1194 391 1254 partes
419 1175 544 1234 orbis
562 1220 576 1243 ,
602 1176 798 1234 totidem
819 1177 900 1234 sub
920 1175 1121 1256 partibus
1147 1178 1286 1235 orbes.
1304 1220 1320 1244 ,

83 1270 141 1324 Et
166 1267 299 1324 certis
320 1267 540 1346 descripta
562 1266 711 1324 nitent
734 1267 990 1327 rationibus
1014 1269 1120 1327 astra
1135 1315 1149 1338 ,

79 1358 461 1438 Perfunduntque
485 1360 566 1417 suo
588 1360 805 1438 subjeRas
828 1361 1001 1419 aethere
1025 1381 1203 1441 gentes,

169 1447 363 1529 Laniger
386 1449 431 1506 in
452 1449 610 1508 medio
639 1450 827 1508 sortitur
851 1450 995 1511 fidera
1015 1452 1188 1510 mundo
1207 1497 1223 1519 ‚

81 1541 313 1595 Cancrum
335 1540 454 1596 inter
475 1540 679 1619 gelidum
705 1542 830 1622 (per
853 1562 1068 1621 tempora
1091 1542 1281 1601 vertitur
1303 1543 1432 1625 axis)

79 1629 262 1686 Adserit
284 1629 329 1685 in
353 1629 471 1688 vires
495 1649 691 1709 pontum
710 1675 724 1699 ‚
746 1655 885 1711 quem
913 1633 1087 1690 vicerat
1111 1633 1207 1713 ipse
1226 1678 1242 1701 ‚

75 1720 270 1801 Virgine
291 1723 473 1802 delapsa
502 1745 604 1780 cum
628 1722 812 1782 fratrem
834 1724 892 1781 ad
915 1723 1055 1782 litora
1082 1725 1243 1795 vexit;

77 1814 134 1869 Et
156 1813 294 1871 minui
317 1812 510 1872 deflevit
535 1837 653 1872 onus
670 1858 684 1882 ‚
708 1815 991 1895 dorsumque
1010 1815 1172 1875 levari».

75 1905 209 1963 Illum
235 1906 367 1963 etiam
389 1899 603 1965 {senerata
628 1905 744 1964 colit
765 1907 915 1967 vicina
941 1908 1224 1988 Propontis,

75 1998 135 2055 Et
160 1996 304 2077 Syriae
328 2018 488 2077 gentes
509 2042 523 2065 ‚
551 1997 600 2056 &
621 1998 726 2057 laxo
753 1997 892 2056 Perfis
913 1999 1112 2066 amictu,

73 2089 287 2146 Vestibus
311 2090 404 2170 ipsa
427 2089 514 2147 suis
538 2089 716 2148 haerens
733 2136 750 2164 ,
772 2091 997 2171 Nilusque
1024 2092 1279 2150 tumescens

73 2183 126 2237 In
155 2182 383 2237 Cancrum
402 2224 418 2247 ‚
447 2179 497 2238 δε
521 2181 655 2239 tellus
680 2180 873 2260 AEgypti
897 2181 1007 2259 juffa
1033 2202 1200 2239 natare.

71 2275 249 2329 Taurus
267 2272 402 2331 habet
422 2273 622 2353 Scythiae
642 2294 822 2333 montes
840 2318 856 2340 ,
881 2273 1124 2353 Asiamque
1148 2285 1426 2353 potentenu

73 2365 131 2420 Et
152 2363 319 2422 molles
345 2365 512 2421 Arabas
532 2408 547 2430 .,
571 2363 782 2422 filvarum
806 2364 916 2422 ditia
937 2386 1092 2442 regna.

73 2455 279 2513 Euxinus
299 2455 543 2535 Scythicos
568 2475 740 2535 pontus
761 2456 953 2513 sinuatus
973 2456 1022 2512 in
1046 2479 1179 2513 arcus

71 2550 166 2607 Sub
193 2550 399 2608 Geminis
426 2570 471 2607 te
491 2594 506 2617 ,
532 2550 739 2616 Phoebe,
762 2549 892 2607 colit.
919 2549 1054 2616 Post,
1077 2546 1261 2606 brachia
1282 2548 1428 2606 fratris

70 2643 274 2703 Ultimus
300 2645 349 2703 ὅ(
372 2645 531 2703 solitus
555 2649 768 2724 Ganges:
798 2641 913 2701 coiit
934 2641 1060 2701 India
1087 2645 1335 2700 Cancrum.

73 2735 254 2792 Ardent
283 2735 526 2815 AEthiopes
550 2737 737 2792 Cancro
757 2778 773 2799 ‚
798 2733 868 2791 cui
893 2732 1115 2813 plurimus
1136 2731 1287 2812 ignis:

74 2827 183 2882 Hoc
204 2825 340 2882 color
364 2824 458 2904 ipse
479 2824 634 2882 docet.
661 2823 859 2903 Phrygia
874 2868 890 2891 ‚
913 2827 1161 2891 Nemeaee,
1184 2823 1349 2904 potiris
1368 2868 1384 2892 .,

74 2917 210 2972 Idaeae
233 2914 384 2972 matris
407 2916 597 2973 famulus
613 2960 629 2984 ‚
653 2915 879 2996 regnique
905 2914 1096 2982 ferocis,

73 3007 409 3086 Cappadocum
428 3050 443 3071 ‚
469 3007 790 3088 Armeniaeque
813 3007 963 3087 jugis:
992 3006 1203 3087 Bithynia
1223 3007 1351 3066 dives

73 3097 144 3154 Te
166 3096 281 3156 colit
298 3141 313 3166 ,
336 3097 385 3157 S<
408 3100 647 3158 Macetum
666 3099 803 3159 tellus
821 3143 837 3169 ‚
862 3121 965 3179 quae
985 3096 1157 3157 vicerat
1179 3097 1363 3157 orbema

1206 3183 1238 3236 L
1287 3202 1320 3247 4

1587 560 1694 615 735

1580 1019 1694 1068 740

1574 1474 1682 1530 745

1571 1931 1690 1986 750

1566 2382 1679 2438 755
