2165 3792
404 235 527 310 '390
652 228 1114 287 NOTITIA
1178 230 1762 288 LJTERARJA

405 365 475 422 de
513 385 629 442 quo
661 385 719 423 v.
765 361 922 441 praef.
961 361 1196 440 Bentleji
1229 364 1298 421 ad
1331 361 1644 423 Manilium.
1679 364 1772 422 De
1812 364 2012 448 Iustis-zi

410 447 718 521 Viersclzroti
749 459 957 502 conatu
978 443 1220 502 diximus
1252 459 1397 502 ante.
1424 446 1580 503 Loca
1600 446 1854 522 quaedam
1879 448 2005 502 Ma-

401 525 528 582 nilii
569 524 807 584 feliciter
847 524 1183 605 castigavere
1211 525 1499 584 Salmasius
1523 526 1592 583 ad
1621 525 1798 584 Solin.
1829 527 1892 585 &
1932 525 2009 582 de

401 606 560 664 annis
601 606 996 665 Clima&ericis
1014 652 1032 676 ‚
1075 605 1136 663 Is.
1163 606 1385 665 Voffius
1413 607 1481 665 ad
1505 606 1786 665 Catullum
1805 638 1838 679 ‚v
1855 627 2014 663 non--

398 686 555 746 nulla
589 688 754 746 etiam
796 688 1100 747 Gevartius
1125 687 1183 744 in
1205 687 1403 745 Eleffis
1421 734 1441 760 ,
1486 687 1545 744 in
1580 688 1782 768 quibus
1816 686 2004 745 obser-

398 769 661 835 vationes
685 769 744 825 in
769 768 1070 826 Manilium
1101 781 1289 826 totum
1326 768 1639 845 promittit,
1676 790 1809 848 quas
1836 769 2006 826 ador·-

400 870 536 906 nare
566 850 617 908 se
660 851 734 907 ait
770 849 864 907 lib.
895 870 945 907 2.
984 868 1103 927 cap.
1138 865 1186 929 ς.
1228 848 1480 908 Barthius
1518 850 1576 907 in
1613 849 1844 909 Advers.
1889 852 2007 909 διε,

397 931 552 988 Idem
592 930 878 989 Salmasius
924 929 1084 988 affert
1131 928 1321 990 versus
1368 929 1635 1009 quosdam
1683 953 1753 990 ex
1799 945 2002 1010 apote—

396 1011 693 1070 lesmaticis
716 1015 976 1070 Dorothei
995 1015 1243 1085 Sidonii,
1282 1011 1471 1070 Graeci
1496 1013 1715 1089 poetae,
1754 1034 1921 1091 quem
1943 1011 2007 1069 in

397 1090 508 1151 suis
536 1092 902 1172 Astrologicis
952 1091 1169 1150 secutus
1215 1092 1320 1150 effe
1356 1091 1532 1151 fertur
1567 1093 1849 1151 Manilius.
1895 1096 2003 1151 Le·-

396 1175 529 1253 giffe
581 1174 746 1233 etiam
792 1174 1021 1232 videtur
1070 1175 1133 1232 &
1177 1175 1234 1231 in
1282 1173 1611 1253 quibusdam
1655 1174 2003 1233 verbotenus

396 1277 559 1333 paene
588 1255 880 1314 reddidisse
905 1259 1276 1314 Manetlzonem
1295 1300 1312 1328 ,
1340 1255 1406 1313 de
1442 1254 1599 1333 cujus
1618 1251 2005 1334 Ap‘otelesma-

397 1336 523 1394 ticis
563 1338 767 1395 dietum
811 1337 907 1395 lib.
947 1339 1031 1395 ΙΙΙ.
1065 1336 1208 1395 Bibl.
1253 1340 1469 1395 Graecae
1512 1358 1560 1395 c.
1609 1357 1700 1396 20.
1735 1336 2005 1395 Firmicus

394 1434 578 1476 autem
603 1463 621 1492 ,
667 1418 869 1477 latinus
911 1416 1152 1498 scriptor
1179 1464 1197 1492 ,
1249 1439 1371 1475 non
1420 1418 1664 1477 creditur
1707 1415 2006 1477 Manilium

397 1500 580 1557 oculis
617 1499 929 1577 usurpasse,
970 1500 1129 1579 quod
1155 1500 1407 1579 pluribus
1442 1499 1493 1558 se
1530 1500 1875 1579 argumentis
1900 1499 2003 1556 do-

397 1602 523 1640 cere
560 1581 712 1660 poffe
750 1581 827 1639 ait
857 1581 1149 1640 Salmasius
1184 1604 1238 1660 p.
1284 1582 1412 1662 587.
1454 1583 1521 1639 de
1565 1581 1726 1640 annis
1753 1581 2005 1639 Climac-

394 1663 581 1721 tei·icis
602 1708 618 1735 ‚
652 1663 749 1721 etfi
777 1662 1018 1742 Scaliger
1052 1664 1348 1722 contendit
1373 1662 1561 1721 multis
1595 1664 1653 1720 in
1681 1662 1823 1721 locis
1854 1660 2005 1740 ipsis-

393 1743 528 1803 sima
574 1766 703 1802 eum
743 1745 915 1805 verba
963 1744 1184 1802 Manilii
1225 1743 1578 1822 exscripsisse.
1632 1744 1776 1802 Vide
1822 1742 2005 1822 inpri-
2066 1816 2071 1820 ᾗ

394 1826 503 1884 mis
542 1841 704 1884 notas
739 1827 807 1883 ad
844 1826 1049 1883 librum
1083 1828 1273 1883 Poetae
1307 1827 1567 1904 quintum
1605 1846 1729 1904 pag.
1769 1825 1899 1902 348.
1943 1826 2007 1882 Sc

394 1906 639 1964 Reinefii
675 1906 949 1982 Epistolas
987 1907 1054 1962 ad
1088 1907 1315 1962 Bofium
1351 1927 1405 1980 p.
1440 1906 1565 1979 176.
1596 1906 1695 1962 ubi
1738 1926 1858 1962 non
1898 1904 2005 1961 du-

394 1986 577 2059 bitat,
619 1986 824 2043 librum
879 1985 1146 2042 oc‘tavum
1190 1983 1417 2040 Firmici
1462 2003 1493 2039 e
1533 1985 1738 2055 quinto
1778 1983 2008 2041 Manilii

394 2068 501 2126 effe
540 2065 943 2144 compilatum,
989 2063 1075 2121 uti
1109 2063 1202 2122 alii
1241 2078 1409 2140 caput
1440 2057 1673 2121 tertium
1705 2062 1835 2120 libri
1884 2062 2009 2142 pri-

394 2149 473 2207 mi
510 2146 807 2205 Firmicum
849 2143 1204 2205 contendunt
1239 2143 1453 2222 petiisse
1491 2164 1521 2201 e
1549 2143 1768 2201 Manilii
1800 2165 2006 2222 prooe-

395 2230 515 2288 mio
541 2229 667 2287 libri
697 2231 787 2286 IV.
836 2227 1041 2286 Saltem
1072 2247 1191 2283 non
1225 2246 1325 2304 per
1363 2225 1556 2283 omnia
1591 2224 1893 2285 Manilium
1927 2224 2011 2282 se·-

395 2326 589 2370 cutum
612 2356 629 2383 ‚
667 2330 851 2388 neque
874 2354 890 2381 ‚
930 2308 1027 2366 ubi
1066 2328 1193 2365 eum
1232 2306 1454 2365 secutus
1486 2305 1668 2366 videri
1707 2306 1876 2387 poffit
1900 2351 1916 2379 ‚
1947 2305 2006 2365 in

393 2392 614 2451 Manilii
658 2391 833 2451 verba
866 2389 1095 2468 jurasse,
1137 2388 1317 2467 probe
1364 2387 1624 2448 observat
1670 2387 1908 2445 Huetius
1943 2387 2005 2445 i'n

396 2473 551 2532 notis
588 2474 657 2531 ad
682 2471 872 2532 Manil.
909 2493 963 2550 p.
989 2473 1083 2552 65.
1120 2473 1182 2530 &
1216 2470 1305 2529 68.
1339 2472 1410 2527 Et
1440 2469 1572 2529 licet
1601 2468 1811 2527 multos
1835 2471 2002 2527 Grae-

397 2576 497 2613 cos
525 2554 713 2613 laudat
742 2552 1010 2613 Firmicus
1030 2596 1047 2625 ‚
1085 2551 1271 2610 innuit
1302 2566 1488 2609 tamen
1507 2596 1525 2625 ‚
1568 2565 1810 2629 excepto
1837 2551 2005 2630 Figu-

395 2637 457 2693 lo
481 2682 498 2709 ‚
536 2637 821 2693 neminem
850 2633 1005 2692 noffe
1036 2632 1090 2691 se
1124 2654 1193 2691 ex
1217 2632 1428 2691 Latinis
1451 2678 1470 2706 ,
1495 2631 1596 2711 qui
1632 2630 2002 2711 apotelesma-

397 2719 509 2776 tica
535 2717 718 2775 latinis
740 2715 913 2775 literis
947 2714 1208 2774 trattarit.
1250 2713 1438 2772 Multo
1471 2727 1658 2772 autem
1680 2712 1864 2771 minus
1887 2712 2004 2770 Fir-

397 2800 612 2857 micum
648 2797 907 2877 expreffit
945 2795 1191 2856 carmine
1225 2794 1522 2868 Manilius,
1556 2809 1619 2853 ut
1655 2793 1855 2853 Voffio
1894 2792 2001 2851 ali-

402 2880 635 2960 quando
673 2879 731 2938 in
775 2892 1022 2938 mentem
1067 2877 1257 2950 venit,
1303 2878 1369 2934 de
1408 2878 1526 2935 Art.
1565 2879 1760 2935 Gram.
1802 2877 1875 2949 ΙΙ,
1911 2875 2004 2932 7-6,

398 2963 558 3041 quod
577 2963 640 3020 &
671 2960 783 3041 ipse
818 2959 1135 3020 retra&avit
1155 2959 1220 3016 de
1247 2957 1435 3016 Poetis
1458 2961 1575 3016 Lat.
1614 2978 1666 3035 p.
1704 2957 1796 3033 36.

499 3043 732 3100 Librum
769 3040 990 3100 Manilii
1033 3042 1276 3120 primum
1315 3038 1551 3118 Anglice
1577 3039 1750 3097 vertit
1787 3035 2013 3095 Eduar*

400 3123 502 3185 dus
531 3127 787 3184 Sherbam
820 3126 884 3185 &
916 3120 1385 3184 commentarium
1416 3120 1630 3180 addidit
1664 3141 1797 3180 cum
1822 3116 2007 3175 histoe.
