2165 3792
501 245 646 303 DE
716 246 800 302 M.
863 244 1402 303 MANILIO.
1651 253 1767 322 391⁴

162 378 246 437 ria
284 378 660 437 Astronomiae
702 375 948 435 Londini
992 378 1170 457 16755
1203 378 1305 438 fol.
1338 378 1405 437 de
1443 398 1558 456 quo
1594 397 1769 457 opere

163 460 294 520 vide
318 460 598 517 Traniae'c.
639 458 859 538 Anglic.
897 477 952 514 n.
994 477 1014 514 1
1036 479 1119 516 10.
1140 480 1192 536 p.
1219 479 1283 533 23
1303 481 1350 536 3.
1374 462 1437 519 &
1470 460 1589 520 Aes.
1612 459 1769 520 erud.

167 561 319 616 1702
341 585 357 610 ,
393 562 447 618 p.
484 558 611 619 523.
645 540 792 596 Tum
826 554 966 595 vero
1000 541 1375 599 memorabilis
1412 541 1489 599 est
1522 541 1768 598 Thomae

164 626 338 679 Creeclz
367 622 547 679 versio
574 619 807 698 Anglica
838 616 1092 696 poetica:
1139 622 1244 678 lee
1259 625 1369 696 five
1393 625 1574 680 Books
1595 622 1668 695 of
1683 626 1769 680 M.

162 706 430 760 Manilius
449 747 466 774 ‚
499 705 805 777 containing
829 704 908 757 tlze
930 703 1128 784 System
1151 702 1312 776 oftlze
1338 708 1564 761 Antient
1584 709 1642 760 A
1630 706 1768 788 stro·-

159 807 324 859 nomy
349 788 464 840 and
497 784 815 865 Astrology,
853 785 983 838 done
1018 787 1129 839 into
1164 786 1395 861 English
1427 787 1557 860 vers&
1577 830 1594 857 ,
1635 788 1768 841 with

158 869 361 933 Notas,
389 868 459 938 by
478 865 536 919 T.
573 866 626 920 C.
667 861 915 920 Londini
956 863 1102 940 apud
1131 863 1241 922 Jac.
1272 863 1529 922 Tonson.
1580 868 1766 943 1697,

162 944 215 1002 8.
242 964 409 1021 quem
434 943 661 1000 titulum
686 942 906 1022 profert
941 943 1072 1004 clar.
1097 945 1379 1006 Harlefius
1402 967 1473 1006 ex
1497 946 1767 1007 Biblioth.

156 1023 528 1105 Hoblyniana
570 1025 716 1084 Part.
741 1027 797 1099 Ι,
831 1047 886 1104 p.
917 1026 1052 1084 262.

564 1261 816 1318 ‚MSTUS
880 1262 1054 1317 Codex
1095 1259 1386 1342 szfienfis.

232 1435 516 1496 Codicum
553 1438 707 1496 MSS.
743 1436 1149 1517 antiquiflimus
1175 1438 1236 1496 &
1263 1437 1511 1514 optimus
1544 1451 1766 1516 putatur

158 1519 540 1601 Gemblacenfis
555 1565 575 1591 ,
609 1519 900 1598 usurpatus
930 1540 963 1576 a
992 1518 1243 1595 pluribus
1265 1563 1281 1590 ‚
1308 1519 1561 1597 inprimis
1597 1522 1763 1578 Bent-

151 1597 305 1672 iej0‚
344 1601 411 1657 de
454 1621 574 1679 quo
616 1600 794 1679 supra.
861 1600 929 1657 Ei
979 1600 1286 1658 simillimus
1327 1599 1385 1656 in
1429 1601 1766 1659 leffionibus

154 1679 232 1737 est
275 1680 602 1759 Lipfienfis3
637 1702 804 1762 quem
854 1683 918 1741 &
968 1681 1151 1760 ipsum
1201 1680 1638 1760 antiquissimum
1679 1681 1765 1740 fa-

153 1761 349 1834 ciunt,
372 1764 470 1841 qui
505 1764 572 1820 de
606 1784 677 1822 eo
714 1780 1066 1835 memorant,
1092 1766 1153 1823 &
1179 1763 1571 1822 Gemblacensi
1606 1778 1766 1822 aetate

151 1843 483 1920 proximum
512 1890 529 1915 ‚
571 1845 669 1924 qui
703 1865 787 1908 ‚eo
835 1844 962 1902 sunt
1001 1845 1080 1902 ufi
1106 1890 1122 1917 ‚
1158 1859 1255 1902 aut
1303 1843 1419 1922 ejus
1466 1845 1767 1924 excerptis·

155 1926 227 1980 Et
264 1924 434 1982 habet
471 1925 564 1981 ille
599 1926 864 1982 lestiones
893 1926 1060 1980 etiam
1095 1926 1353 1999 proprias
1377 1927 1440 1981 &
1464 1925 1628 1983 valde
1655 1926 1767 1983 bo·-

157 2024 292 2074 nas,
319 2004 411 2060 sed
443 2007 506 2061 &
548 2003 710 2061 valde
740 2001 990 2061 vitiosaS.
1041 2002 1302 2060 Omnino
1347 2005 1635 2081 proclives
1673 2006 1768 2064 ni·-

155 2083 264 2142 mis
307 2083 521 2162 semper
555 2082 708 2141 fuere
746 2083 899 2140 <loeti
937 2083 1049 2142 viri
1087 2083 1155 2140 ad
1189 2084 1549 2144 extollendos
1586 2086 1766 2146 libros

154 2163 438 2243 script05‚
484 2167 547 2224 &
600 2185 800 2222 eorum
852 2163 1242 2242 antiquitatem
1297 2167 1361 2224 &
1412 2167 1766 2241 bonitatem,

147 2266 297 2325 vquos
333 2245 434 2322 ipfi
477 2245 783 2317 haberent,
818 2261 912 2303 aut
952 2245 1157 2325 quibus
1199 2246 1278 2303 ufi
1318 2246 1491 2306 essent
1515 2293 1531 2320 ,
1566 2264 1628 2307 ut
1661 2249 1765 2307 sae-

152 2348 226 2406 pe
259 2326 703 2385 observavimus,
755 2328 943 2385 Nemo
981 2328 1296 2386 accuratius
1330 2330 1392 2387 &
1420 2330 1644 2387 meliori
1672 2329 1763 2408 ju·-

152 2408 308 2467 dicio
349 2407 477 2467 usus
516 2409 592 2466 est
630 2407 749 2486 ejus
786 2408 1120 2467 leffionibus
1157 2413 1289 2467 Elia
1321 2415 1573 2481 Stoebem,
1604 2412 1765 2489 cujus

152 2489 411 2568 praefatio
459 2490 781 2548 consulatur
826 2512 950 2571 pag.
1008 2512 1093 2563 14.
1143 2490 1262 2570 sqq.
1332 2493 1484 2550 AEtas
1525 2493 1762 2553 Codicis

153 2571 401 2630 seculum
440 2572 665 2630 tertium
706 2573 988 2631 decimum
1032 2574 1303 2630 excedere
1348 2595 1467 2632 non
1504 2575 1762 2634 videtur:

156 2652 234 2710 ita
267 2653 475 2710 chartae
501 2654 681 2711 adhuc
705 2654 896 2711 nitidae
929 2652 1053 2711 sunt
1073 2699 1089 2727 ,
1114 2656 1178 2712 &
1201 2652 1467 2732 scriptura
1502 2656 1721 2735 elegans
1743 2702 1762 2729 ,

154 2735 219 2792 &
261 2754 379 2791 rara
412 2734 790 2812 compendia:
835 2756 960 2814 quae
1005 2756 1109 2794 nec
1152 2755 1253 2813 per
1290 2750 1474 2793 totum
1523 2736 1765 2810 librum,

154 2814 225 2872 ab
265 2835 376 2872 una
416 2835 587 2872 manu
620 2815 724 2873 effe
755 2816 1041 2874 videntur.
1109 2817 1290 2891 Quod
1328 2822 1490 2877 Arati
1525 2821 1765 2895 Philoso-

148 2900 248 2972 plzi
269 2899 666 2979 Astronomicon
695 2896 1042 2969 inscribitur,
1074 2898 1130 2956 id
1161 2898 1230 2955 ab
1255 2915 1586 2978 argumento
1623 2901 1761 2959 duc·

157 2991 276 3034 tum
330 2976 421 3033 est.
491 2979 637 3035 Nam
674 2981 737 3038 &
778 2978 1090 3037 Priscianus
1135 2977 1276 3057 saepe
1315 2980 1760 3040 Astronomicon

156 3056 386 3115 Caesaris
409 3058 602 3117 Germ.
625 3065 853 3118 Aratum
877 3060 1136 3138 appellat.
1173 3062 1352 3135 Quod
1384 3065 1759 3140 Philosophum

156 3140 441 3218 appellat,
482 3140 539 3199 id
576 3140 803 3203 videtur
845 3141 1093 3202 indicare
1116 3185 1135 3215 ,
1175 3142 1532 3222 exemplum,
1571 3165 1602 3203 e
1640 3165 1760 3225 quo
