2165 3792
443 253 525 309 44
845 239 1615 305 P.V·1RGJL11

444 367 660 426 Carmina
677 413 693 437 ‚
713 392 816 448 quae
841 373 1020 451 Pylium
1037 418 1052 438 ,
1076 373 1209 432 seclis
1231 395 1418 455 accepta
1444 378 1642 446 futuris‚·

529 459 776 528 Carmina,
799 486 902 540 quae
928 463 1102 541 Pylium
1129 463 1319 522 vincere
1342 465 1481 544 digna
1502 466 1674 524 senem.

444 550 665 613 Molliter
692 552 764 609 hic
786 553 921 610 viridi
947 555 1114 632 patulae
1142 555 1222 611 sub
1246 555 1452 635 tegmine
1475 579 1671 636 quercus

525 644 691 700 Moeris
716 645 917 723 pastores
941 645 990 702 ἃ
1013 645 1269 703 Meliboeus
1291 666 1450 705 erant:

445 732 611 789 Dulcia
638 735 851 808 jafiantes
876 736 1056 793 alterno
1081 738 1273 795 carmina
1293 738 1427 795 versu
1446 782 1465 811 ,

529 825 696 898 Qualia
716 826 966 884 Trinacriae
988 828 1148 885 doSlus
1172 849 1288 886 amat
1311 829 1511 904 juveni&

444 913 666 970 Certatim
695 917 919 973 ornabant
945 941 1107 974 omnes
1133 918 1334 977 Heroida
1362 920 1526 977 Divae:

529 1004 752 1061 Certatim
779 1006 911 1062 Divae
936 1030 1126 1064 munere
1151 1031 1347 1087 quaeque
1374 1011 1472 1068 suo,

444 1095 648 1152 Felicem
671 1117 776 1154 ante
799 1099 904 1156 alias
930 1120 1059 1157 tauro
1084 1100 1309 1180 scriptore
1332 1103 1562 1179 puellam:

533 1189 661 1246 Alter
684 1214 779 1247 non
802 1191 963 1249 famam
988 1192 1154 1250 dixerit
1177 1192 1275 1272 ipse
1299 1194 1444 1272 prior.

445 1281 558 1336 Non
585 1279 661 1336 illa
678 1326 694 1351 ⁷
721 1282 1021 1361 Hesperidum
1046 1283 1090 1341 ni
1115 1307 1305 1342 munere
1327 1305 1458 1364 capta
1487 1285 1665 1352 fuili'en

531 1375 653 1446 Quae
676 1375 916 1432 volucrem
942 1378 1068 1433 cursu
1093 1378 1267 1434 vicerat
1291 1377 1670 1457 Hippomenem:

450 1462 655 1517 Candida
683 1485 863 1540 cycneo
891 1488 983 1520 nou
1014 1465 1130 1520 edita
1170 1465 1386 1544 syndaris
1411 1490 1536 1524 ovo:

530 1556 640 1609 Nou
670 1554 836 1632 supero
863 1555 1043 1634 fulgens
1068 1556 1310 1635 Calliopea
1332 1558 1477 1635 polo:

448 1647 561 1702 Non
591 1647 771 1704 defensa
797 1648 873 1704 diu
899 1649 1140 1706 volucrum
1169 1652 1414 1706 certamine
1437 1672 1663 1728 equorum
1681 1694 1696 1718 ‚

533 1738 764 1816 Optabant
788 1739 938 1797 Graiae
967 1764 1100 1818 quam
1124 1740 1202 1797 fibi
1232 1764 1430 1820 quaeque
1455 1764 1638 1805 manu53

451 1828 584 1903 Saepe
605 1827 797 1883 animam
827 1829 986 1903 generi
1013 1853 1100 1908 pro
1128 1852 1214 1908 qua
1240 1848 1367 1908 pater
1390 1827 1554 1908 impius
1579 1826 1748 1894 hanfit3

532 1921 666 1996 Saepe
691 1920 832 1975 rubro
861 1920 978 1976 Eleis
1005 1919 1227 1999 sanguine
1250 1918 1383 1975 {luxit
1408 1919 1595 1976 humus:

450 2009 595 2086 Regia
621 2033 714 2065 non
745 2011 955 2081 Semele,
980 2034 1075 2067 non
1102 2010 1268 2067 {machis
1296 2009 1555 2076 Acrisione,

534 2098 719 2155 Immitti
746 2101 1010 2179 exspefflant
1034 2100 1224 2156 fulmine
1249 2144 1263 2166 ‚
1290 2099 1339 2157 <Sc
1364 2098 1508 2156 imbre
1529 2103 1720 2156 Iovem:

451 2190 594 2265 Cujus
620 2190 665 2246 81
692 2193 754 2247 ob
781 2215 955 2271 raptum
983 2191 1094 2272 pulli
1120 2190 1298 2270 liquere
1325 2196 1516 2248 Penates

533 2281 768 2359 Tarquinii
794 2283 966 2359 patrios
983 2327 997 2349 ‚
1022 2282 1142 2338 filius
1166 2300 1304 2358 atque
1326 2301 1484 2359 paren,

451 2372 541 2430 Illo
560 2420 572 2439 ,
598 2396 691 2450 quo
718 2374 913 2452 primum
938 2374 1200 2432 dominatus
1228 2378 1372 2430 Roma
1396 2372 1620 2451 superbos

534 2464 733 2521 Mutavit
761 2465 953 2544 placidis
980 2487 1195 2544 tempore
1220 2463 1523 2521 Consulibus,

452 2553 603 2609 Multa
624 2597 637 2617 ‚
662 2577 813 2632 neque
840 2554 1101 2620 imnteririS‚
1126 2553 1321 2612 donavit
1343 2551 1528 2631 praemia
1550 2549 1772 2618 alumnis,‘

536 2643 721 2700 Praemia
743 2645 945 2702 Meffalis
969 2644 1162 2702 maxima
1184 2642 1455 2722 Poplicolis.

454 2736 571 2790 Nam
598 2735 707 2813 quid
740 2758 834 2814 ego
859 2734 1061 2792 immensi
1087 2755 1341 2790 memorem
1364 2729 1503 2788 studia
1526 2729 1603 2787 ista
1626 2727 1830 2788 laboris?

538 2827 733 2883 Horrida
761 2825 872 2905 quid
893 2826 1019 2882 durae
1044 2844 1255 2902 tempora
1279 2821 1488 2879 militiae?

458 2916 611 2974 Castra
634 2919 742 2974 foro
765 2917 928 2974 solitos
944 2960 958 2982 ‚
980 2915 1078 2972 urbi
1103 2935 1379 2994 praeponere
1403 2913 1566 2980 castra,

535 3014 648 3066 Tam
676 3011 842 3090 procul
866 3009 956 3065 hoc
981 3027 1091 3064 nato
1112 3050 1125 3073 ‚
1147 3026 1237 3063 tam
1260 3004 1428 3084 procul
1459 3003 1540 3061 hac
1569 3003 1742 3082 patria?

453 3101 758 3161 Immoderata
782 3100 875 3181 pati
900 3121 1021 3160 nunc
1043 3097 1218 3179 frigora
1236 3142 1249 3167 ‚
1271 3117 1484 3175 nuncque
1508 3096 1717 3154 calores?

1983 404 2046 460 ¹5

1980 851 2054 889 20

1987 1760 2058 1811 30

1988 2208 2054 2262 35

1983 2665 2056 2709 40
