2165 3792
429 216 545 279 163
869 212 955 274 M.
1038 183 1606 275 MANJLJ1

420 348 625 428 „Virgine
649 347 729 406 sub
753 346 865 405 casta
887 347 998 405 felix
1025 367 1239 428 terraque
1260 349 1465 427 marique

426 439 503 497 Est
527 437 754 504 Rhodos,
780 437 1026 515 hospitium
1050 437 1214 495 ressuri
1239 438 1462 517 principis
1495 437 1690 506 orbem;
1921 445 1994 511 76
2005 457 2039 520 5}
2119 468 2121 479 ‘

428 531 601 605 Tuque
623 526 790 582 domus
815 548 925 582 vere
948 526 1071 583 Solis
1091 571 1106 591 ,
1131 527 1204 582 cui
1229 545 1328 583 tota
1348 527 1515 584 sacrata
1540 549 1587 582 es
1606 571 1622 593 ‚

429 621 555 674 Cum
581 639 773 696 caperes
795 614 952 673 lumen
978 616 1132 695 magni
1157 617 1236 674 sub
1259 617 1438 674 Caesare
1464 617 1647 674 mundi:

424 709 577 766 Ioniae‘
601 730 705 786 quae
728 706 831 764 sunt
850 707 984 764 urbes
1004 750 1018 772 ‚
1041 707 1091 764 &
1114 707 1285 765 Dorica
1307 731 1407 764 rura
1422 751 1438 774 ‚

422 799 631 857 'Arcades
655 795 865 875 antiqui,
895 797 1217 875 celebrataque
1243 797 1378 854 Caria
1404 798 1541 856 fama.

426 889 581 964 Quod
608 887 763 968 potius
788 886 914 943 colat
937 885 1108 942 Italiam
1127 930 1141 951 .,
1163 886 1195 942 fi
1219 888 1384 967 selegis
1402 933 1418 955 ,
1441 890 1603 947 astrum
1920 909 2038 960 770

426 984 584 1055 Quam
611 978 740 1058 quod
761 978 922 1035 cunela
944 976 1066 1056 regit
1083 1023 1097 1046 ‚
1121 979 1248 1057 quod
1273 1001 1426 1037 rerum
1445 981 1658 1058 pondera
1680 979 1849 1049 novit,

427 1069 652 1149 Defignat
675 1069 866 1125 summas
883 1113 898 1136 ‚
927 1068 976 1126 Sc
999 1068 1206 1148 iniquum
1228 1069 1405 1149 separat
1428 1093 1566 1150 aequo
1584 1116 1600 1137 ‚

426 1163 666 1239 Tempora
686 1181 782 1238 quo
806 1159 1050 1238 pendent,
1070 1181 1240 1217 coeunt
1261 1183 1356 1239 quo
1381 1183 1571 1239 noxque
1595 1160 1820 1241 diesque?

427 1250 700 1329 Hesperiam
726 1250 803 1308 sua
824 1249 956 1307 Libra
976 1269 1135 1320 tenet,
1163 1275 1251 1330 qua
1271 1251 1462 1309 condita
1485 1256 1635 1310 Roma

410 1335 574 1399 Orbis
601 1340 649 1399 ἃ
671 1340 916 1422 imperium
939 1342 1110 1399 retinet
1135 1342 1395 1400 discrimina
1421 1366 1570 1400 rerum
1589 1388 1605 1411 ‚
1925 1364 2041 1421 775·

428 1432 654 1489 lancibus
679 1431 729 1489 &
750 1430 919 1512 pofitas
946 1451 1111 1512 gentes
1134 1432 1357 1512 tollitque
1380 1432 1673 1513 premitque3

427 1526 542 1599 Qua
566 1517 751 1603 genitus
777 1547 881 1582 cum
904 1525 1040 1582 fratr‘e
1065 1530 1233 1583 Remus
1262 1525 1378 1583 hanc
1401 1525 1613 1584 condidit
1638 1525 1815 1585 urbem.

426 1617 489 1671 Et
509 1613 712 1694 propriis
736 1614 885 1672 frenat
906 1616 1184 1694 pendentem
1212 1616 1394 1673 nutibus
1419 1616 1598 1674 orbem.

426 1704 622 1762 Inferius
650 1704 782 1762 vietae
803 1704 922 1761 fidus
947 1704 1241 1784 Carthaginis
1261 1728 1387 1763 arces
1407 1752 1422 1775 ,
1908 1765 1911 1769 ,

427 1799 490 1853 Et
514 1795 702 1875 Libyam
719 1840 736 1863 ,
754 1794 1041 1875 AEgyptique
1064 1796 1179 1853 latus
1198 1838 1213 1862 ‚
1238 1795 1498 1874 donataque
1519 1818 1621 1853 rura
1925 1800 2039 1864 780

428 1887 697 1966 Tyrrhenas
719 1887 915 1944 lacrimis
942 1886 1136 1944 radiatus
1160 1887 1382 1965 Scorpios
1407 1910 1532 1944 arces

428 1977 576 2056 Eligit
595 2005 610 2046 3
632 1977 868 2057 Italiaeqne
893 1997 1046 2035 tamen
1067 1979 1288 2058 respefi‘tat
1314 1979 1369 2035 ad
1390 1979 1564 2044 undas;

426 2069 780 2149 Sardiniamque
802 2088 959 2134 tenet,
983 2069 1193 2148 fusasque
1221 2092 1304 2148 per
1328 2093 1518 2148 aequora
1543 2089 1701 2129 terras.

431 2158 609 2217 Gnosia
637 2163 874 2217 Centauro
899 2160 1033 2216 tellus
1052 2203 1067 2225 .,
1089 2159 1365 2217 circumdata
1390 2179 1539 2239 ponto
1556 2206 1575 2229 ,

429 2251 593 2312 Paret,
613 2247 662 2305 δε
685 2247 732 2304 in
758 2246 994 2326 geminum
1021 2247 1203 2305 Minois
1232 2248 1349 2305 filius
1376 2248 1538 2307 astrum
1702 2244 1706 2248 ¹
1925 2251 2033 2323 785

427 2339 535 2418 Ipse
555 2339 685 2396 venit
708 2338 943 2418 geminus:
969 2339 1143 2397 celeres
1168 2338 1274 2395 hinc
1298 2342 1438 2396 Creta
1463 2339 1643 2417 sagittas

430 2430 598 2487 Afferit
615 2474 630 2496 ‚
653 2429 948 2509 intentosque
974 2430 1173 2487 imitatur
1198 2430 1350 2488 sideris
1375 2453 1518 2487 arcuS.

431 2519 583 2578 Insula
603 2520 857 2579 Trinacriae
880 2520 1132 2584 fluitantem
1156 2522 1330 2599 adje&a
1356 2521 1566 2579 sororem

429 2610 736 2691 Subsequitur
759 2616 932 2670 Creten
951 2657 967 2679 ‚
991 2614 1071 2670 sub
1096 2615 1266 2671 eodem
1289 2613 1475 2671 condita
1499 2612 1668 2691 fign03

426 2704 740 2785 Proximaque
763 2707 902 2764 Italiae
927 2707 975 2764 ἃ
996 2706 1124 2764 tenui
1146 2705 1286 2763 divisa
1310 2705 1550 2785 profundo
1920 2725 2036 2780 799

433 2800 534 2854 Ora
552 2841 569 2864 ,
592 2797 728 2875 patris
752 2798 956 2876 sequitur
977 2798 1107 2876 leges
1125 2840 1143 2862 ‚
1167 2819 1252 2853 nec
1276 2795 1422 2854 fidere
1442 2815 1570 2875 rapta
1594 2795 1672 2853 est.

428 2891 501 2945 Tu
519 2932 534 2954 ,
556 2889 844 2968 Capricorne
863 2934 878 2960 ‚
904 2889 1025 2967 regis
1046 2933 1060 2956 ‚
1085 2888 1308 2967 quidquid
1332 2889 1411 2946 sub
1435 2889 1534 2946 sole
1561 2889 1756 2945 cadente

429 2979 698 3058 Expofitum
716 3026 731 3048 ,
758 2981 1051 3060 gelidamque
1074 2980 1270 3039 Helicen
1297 2981 1426 3058 quod
1450 2980 1594 3061 tangit
1614 2982 1668 3040 ab
1696 2981 1800 3041 illot,

427 3071 643 3152 Hispanas
669 3094 831 3152 gentes
850 3116 866 3141 2
891 3072 940 3132 ἃ
964 3091 1079 3154 quot
1103 3072 1188 3131 fert
1213 3073 1367 3132 Gallia
1387 3074 1515 3132 dives
1531 3116 1546 3141 ,
