2165 3792
603 215 1005 274 LIBER
1088 217 1136 274 J.

104 348 338 407 Sideribus
358 347 518 406 videre
541 348 668 427 vagis
693 346 942 427 pendentia
963 346 1067 405 fata.

104 442 293 520 Singula
317 463 415 497 nam
442 440 639 520 proprio
666 439 898 520 signarunt
921 459 1135 520 tempora
1159 437 1299 507 casu}

103 536 265 611 Longa
288 555 370 612 per
393 533 578 590 affiduas
597 532 834 612 complexi
862 532 1015 591 secula
1039 555 1194 590 curas:

105 624 338 681 Nascendi
363 647 466 704 quae
493 625 660 703 cuique
682 624 809 692 dies,
833 647 937 704 quae
960 623 1053 681 vita
1077 623 1264 681 fuiffet:

101 722 152 774 In
176 739 284 794 quas
310 716 512 774 fortunae
535 717 663 797 leges
687 740 883 797 quaeque
908 716 1024 774 hora
1044 717 1248 774 valeret:

99 810 377 888 Quantaque
403 832 535 887 quam
561 808 689 889 parvi
708 810 920 868 facerent
945 808 1210 867 discrimina
1231 826 1402 865 motus·

102 899 343 977 Postquam
369 898 521 956 omnis
546 898 656 956 coeli
681 898 893 979 species',
916 898 1218 957 redeuntibus
1242 897 1364 956 astris
1380 940 1399 964 ‚

103 991 346 1072 Descripta
371 993 417 1048 in
441 992 651 1071 proprias
675 994 801 1051 sedes
824 1038 838 1061 ‚
859 994 908 1052 ἃ
929 994 1105 1052 reddita
1131 992 1269 1050 certis

102 1085 320 1140 Fatorum
345 1083 584 1141 ordinibus
613 1083 688 1141 sna
712 1083 880 1163 cuique
904 1084 1119 1165 potentia
1142 1084 1344 1151 formae·‚

101 1176 188 1229 Per
211 1172 364 1230 varios
389 1173 491 1231 usus
515 1194 656 1232 artem
679 1175 966 1254 experientia
989 1174 1101 1233 fecit
1117 1219 1132 1241 ‚

105 1264 338 1342 Exemplo
364 1266 644 1322 monstrante
668 1264 818 1331 viam3
844 1264 1168 1344 speculataque
1192 1268 1340 1349 longe

101 1353 363 1433 Deprendit
388 1355 536 1413 tacitis
560 1355 844 1414 dominantia
867 1357 1048 1437 legibus
1070 1358 1180 1415 astra
1198 1402 1215 1425 ,

105 1447 162 1501 Et
188 1465 333 1503 totum
355 1447 528 1504 alterna
549 1449 769 1506 mundum
795 1448 977 1508 ratione
1000 1449 1216 1518 moveri,

101 1539 413 1615 Fatorumque
435 1539 561 1597 vices
586 1539 722 1597 certis
745 1541 1002 1599 discurrere
1024 1541 1179 1622 signis,

64 1630 71 1639 ’
101 1632 220 1687 Nam
245 1633 369 1690 rudis
390 1655 493 1691 ante
523 1632 632 1690 illos
659 1633 791 1690 nullo
816 1632 1077 1692 discrimine
1099 1635 1193 1693 vita

102 1732 152 1785 ln
179 1725 378 1806 speciem
405 1724 630 1783 conversa
651 1769 664 1788 ‚
691 1748 888 1803 operum
912 1724 1099 1783 ratione
1124 1725 1341 1793 carebat,

101 1821 159 1876 Et
183 1818 427 1899 stupefacta
453 1841 584 1876 novo
611 1816 844 1897 pendebat
862 1817 1035 1875 lumine
1058 1817 1244 1876 mundi:

94 1913 217 1969 Tum
241 1912 367 1970 velut
385 1909 544 1967 amiffis
568 1931 770 1966 moerens
789 1954 804 1974 ,
825 1929 920 1967 turn
944 1909 1246 1968 laeta·renatis

97 2002 361 2071 Sideribus3
388 2001 636 2080 variosque
658 2000 757 2058 dies
781 2000 1051 2081 incertaque
1075 2001 1226 2059 noblis

98 2098 336 2175 Tempora
363 2118 450 2153 nec
469 2094 636 2152 similes
658 2094 836 2152 umbras
854 2142 868 2165 ‚
897 2094 986 2172 jam
1014 2096 1127 2153 Sole
1151 2093 1394 2175 regi-essm

100 2191 192 2247 lam
215 2186 444 2266 propiore
465 2232 480 2254 ,
503 2187 591 2245 suis
617 2186 763 2266 impar
782 2186 1048 2245 discernere
1071 2187 1228 2246 caufiS.

100 2278 313 2336 Necdum
339 2278 477 2336 etiam
501 2277 658 2335 dofras
682 2277 874 2336 solertia
896 2277 1072 2336 fecerat
1096 2299 1246 2348 arteS,

100 2373 338 2447 Terraque
367 2369 446 2426 sub
471 2369 657 2425 rudibus
680 2370 873 2427 cessabat
893 2371 1011 2428 vasta
1032 2372 1240 2429 colonis,

99 2460 317 2535 Tumque
343 2457 389 2514 in
411 2457 603 2515 desertis
627 2456 857 2515 habitabat
881 2459 1116 2517 montibus
1139 2484 1297 2519 aurum
1311 2474 1336 2530 ,“

97 2550 413 2629 Immotusque
439 2573 593 2608 novos
619 2569 791 2628 pontus
813 2550 1087 2608 subduxerat
1110 2551 1265 2609 orbes.

98 2644 202 2698 Nec
224 2639 364 2699 vitam
383 2641 556 2721 pelago
578 2686 592 2708 ‚
622 2663 708 2696 nec
735 2639 888 2697 ventis
914 2642 1105 2699 credere
1134 2664 1249 2701 vota

100 2734 375 2802 eludebant,
401 2733 447 2791 se
469 2731 666 2813 quisque
694 2731 798 2790 satis
825 2732 1009 2791 noviffe
1038 2736 1278 2814 putabant.

99 2822 188 2879 Sed
212 2846 312 2880 cum
338 2823 481 2904 longa
504 2821 602 2881 dies
626 2821 749 2880 acuit
774 2822 985 2881 mortalia
1013 2825 1159 2883 corda
1181 2869 1197 2892 .,

99 2916 156 2972 Et
180 2915 315 2973 labor
338 2914 577 2994 ingenium
599 2914 771 2973 miseris
794 2914 956 2984 dedit,
981 2914 1030 2974 &
1052 2916 1126 2973 sua
1148 2939 1381 2998 quemque

99 3004 369 3083 Advigilare
392 3004 472 3062 fibi
498 3005 614 3083 juffit
636 3004 826 3064 fortuna
849 3007 1109 3085 premendo
1131 3033 1140 3062 :

103 3096 296 3158 Seduffii
323 3095 369 3156 in
395 3096 541 3159 varias
565 3118 793 3159 certarunt
819 3098 1013 3182 pectora
1041 3121 1200 3181 curas?

1629 221 1709 293 59·

1640 643 1708 703 55

1636 1086 1716 1139 6³

1636 2020 1713 2072 70

1649 2921 1723 2976 80
