2165 3792
603 191 1014 251 LIBER
1096 194 1222 254 ΙΙΙ.

120 326 278 390 Altera
298 327 541 388 reddetur:
564 322 643 384 sed
667 344 887 405 quantum
913 321 1146 382 inflexerit
1171 323 1327 395 orbis‚¹

119 426 316 480 Tantum
337 419 577 480 inclinabit
597 418 709 478 coeli
735 417 937 499 politura
952 416 1170 476 volantis.

121 517 179 571 Et
202 514 349 572 modo
374 537 478 593 quae
497 513 677 570 fuerant
697 512 926 593 surgentia
952 511 1095 569 limite
1116 506 1246 568 reclo

120 603 279 661 Sidera
296 647 311 670 ‚
334 622 521 662 curvato
547 604 774 661 ducentur
793 604 840 660 in
866 602 1036 672 aethera
1055 601 1214 659 trastuv.

121 701 181 752 At
205 693 293 751 erit
316 693 533 773 obliquus
558 691 794 773 lignorum
817 691 998 750 Balteus
1022 692 1138 749 orbe
1157 735 1174 759 ‚

120 783 220 860 Qui
245 785 521 843 transversus
545 807 641 844 erat
666 785 811 866 spatio
834 813 844 843 :
871 787 1060 865 quando
1081 782 1203 843 illius
1232 807 1319 843 una
1340 780 1439 855 est,

119 875 303 934 Nostrae
321 898 548 934 mutantur
574 876 718 934 sedes.
743 878 870 957 Ergo
895 877 991 957 ipsa
1012 876 1195 935 moveri

119 968 358 1047 Tempora
379 967 469 1045 jam
496 967 612 1026 ratio
639 967 807 1047 cogit,
829 966 1079 1047 variosque
1106 967 1284 1026 referre

120 1058 215 1115 Sub
237 1057 314 1115 tali
337 1058 536 1139 regione
560 1058 657 1116 dies
678 1084 691 1126 3
718 1081 821 1116 cum
847 1058 991 1116 fidera
1013 1057 1141 1116 flexo

120 1147 306 1205 Ordine
334 1149 583 1206 conficiant
608 1147 761 1206 cursus
786 1148 979 1228 obliqua
1004 1147 1266 1228 malignos:

120 1240 325 1321 Longius
347 1262 483 1321 atque
505 1239 602 1298 aliis
625 1239 749 1298 aliud
773 1239 1028 1321 propiusve
1052 1239 1303 1296 recumbat.

121 1336 213 1390 Pro
237 1332 385 1411 spatio
408 1354 538 1393 mora
560 1352 723 1409 magna
743 1331 889 1390 datur.
912 1333 1035 1407 Quae
1061 1328 1271 1409 proxima
1291 1324 1429 1388 nobis

125 1422 463 1502 Consurgunt,
487 1422 664 1500 longos
689 1422 802 1478 coeli
830 1422 1032 1481 visuntur
1055 1421 1103 1478 in
1134 1421 1287 1479 orbes.

124 1511 299 1571 Ultima
323 1536 425 1592 quae
450 1513 656 1591 fulgent,
680 1511 813 1569 citius
838 1532 1111 1591 merguntur
1134 1511 1178 1569 in
1203 1511 1400 1571 umbras.

123 1605 184 1660 Et
204 1603 391 1680 quando
414 1602 470 1659 ad
494 1600 670 1680 gelidas
692 1600 889 1680 propius
914 1601 1016 1679 quis
1042 1601 1220 1660 venerit
1245 1601 1412 1661 Areios
1432 1643 1450 1670 ,

124 1697 241 1752 Tam
265 1694 410 1776 magis
436 1694 646 1754 officiunt
669 1694 818 1752 oculis
839 1693 1061 1752 brumalia
1084 1694 1240 1775 figna':

126 1787 313 1866 Vixque
340 1808 468 1845 ortus
493 1786 680 1846 occasus
705 1787 805 1845 erit.
837 1786 884 1844 Si
908 1787 1098 1868 longius
1121 1787 1232 1844 inde

33 1880 37 1881 ⁷
124 1879 355 1936 Procedat
373 1923 389 1943 ,
413 1879 524 1937 totis
549 1878 815 1937 condentur
836 1879 1014 1959 lingula
1037 1877 1255 1938 membris
1271 1922 1289 1947 .,

122 1971 437 2051 Tricenasque
460 1971 644 2029 trahent
660 1994 886 2032 connexo
909 1995 1125 2054 tempore
1150 1972 1344 2042 nostem*

127 2066 186 2121 Et
206 2063 402 2120 totidem
427 2063 552 2120 luces
573 2062 788 2120 adiment.
813 2061 890 2121 Sic
912 2086 1046 2143 parva
1071 2064 1252 2123 dierum

130 2152 343 2210 Efficitur
370 2176 500 2211 mora
516 2198 532 2221 ‚
555 2152 606 2211 Sc
627 2151 771 2210 ternis
793 2153 1080 2212 consumitur
1100 2154 1227 2212 horis
1242 2198 1260 2222 ‚

129 2245 447 2326 Paulatimque
475 2244 597 2326 perit
621 2245 752 2304 statio
779 2246 1067 2328 fulgentibus
1091 2247 1215 2306 astris
1232 2238 1257 2315 ‚⁵

131 2337 361 2416 Pluraque
381 2381 396 2404 ‚
419 2359 504 2416 per
529 2356 680 2416 partes
708 2336 932 2417 subrepto
954 2356 1172 2418 tempore
1191 2383 1207 2406 ‚
1229 2337 1356 2419 ligna

133 2431 419 2504 Quaerentur
442 2425 600 2484 medio
624 2445 758 2492 terrae
783 2427 930 2485 celata
953 2448 1169 2496 tumore;

132 2520 474 2599 Abducentque
500 2517 630 2576 limul
658 2518 882 2576 Phoebum
903 2561 918 2584 ‚
941 2536 1197 2598 texentque
1219 2519 1428 2579 tenebras
1445 2563 1462 2589 ‚

131 2610 373 2669 Menfibus
393 2608 565 2689 ereptis
591 2609 747 2667 donec
772 2607 824 2665 fit
847 2606 1014 2665 debilis
1035 2630 1199 2668 annus.

134 2703 181 2761 Si
203 2726 315 2761 vero
341 2722 496 2760 natura
515 2700 626 2758 {inat
652 2701 732 2758 sub
755 2699 929 2758 vertice
954 2699 1094 2767 coeli,

136 2798 293 2870 Quem
321 2793 501 2874 gelidus
528 2792 687 2873 rigidis
711 2791 843 2850 fulcit
868 2790 1173 2872 compagibus
1197 2790 1294 2849 axis
1311 2836 1329 2860 ,

135 2892 347 2946 AEternas
375 2886 511 2966 super
532 2887 600 2944 ire
625 2886 755 2943 nives
774 2927 789 2951 ‚
813 2884 1071 2963 orbemque
1091 2883 1321 2964 rigentem

140 2984 292 3037 Prona
314 2978 565 3059 Lycaoniae
588 2978 867 3058 speRantem
890 2977 1093 3034 membra
1115 2977 1319 3057 puellae;

141 3069 310 3130 Stantis
334 3071 421 3129 erit
445 3068 558 3130 coeli
584 3069 788 3151 species:
814 3068 1102 3149 laterumque
1124 3091 1298 3130 meatus

1309 3153 1328 3208 Ι
1366 3172 1394 3208 2

1611 214 1716 275 13¹

1612 345 1730 397 330

1619 807 1725 861 335

1623 1260 1739 1314 340

1627 1715 1733 1775 345

1628 2173 1740 2230 35⁰

1632 2627 1738 2687 355

1636 3079 1749 3147 360
