2165 3792
457 217 601 277 DE
663 220 724 277 P.
788 219 1300 279 VJRGJLJO.
1568 212 1685 294 269

184 352 420 428 Ausonii
463 353 650 410 Cento
695 349 960 427 nuptialis
1001 350 1193 408 itidem
1243 371 1273 409 e
1312 348 1552 430 Virgilio
1610 352 1688 412 est

84 442 385 520 expressus.
424 442 788 501 Recentiores
814 460 958 498 vero
983 440 1041 496 in
1068 440 1180 498 hoc
1207 463 1405 520 genere
1436 443 1687 503 elabora-

86 550 221 590 runt
257 534 453 606 multi,
490 547 554 591 ut
581 535 889 589 Albertinus
915 528 1179 611 Mufficztus
1202 533 1500 592 patavinus
1525 581 1545 606 ,
1589 533 1689 614 qui

87 624 280 684 seculo
307 628 448 697 XIV
472 625 708 696 claruit,
741 625 804 683 &
832 623 1021 682 seculo
1049 625 1227 697 XVI,
1253 639 1314 682 ut
1352 629 1543 685 Laelius
1584 631 1690 685 Ca·—

80 723 302 796 pilupus
350 720 688 775 Mantuanus
733 717 795 776 in
832 716 1421 798 Virgiliocentonibus
1467 721 1534 778 de
1576 721 1694 781 vita

88 811 502 870 monachorum
525 809 736 887 scriptis
764 831 811 868 a.
849 829 948 891 153
968 829 1018 891 5,
1045 832 1188 891 quos
1214 811 1340 890 post
1366 812 1606 871 Flacium
1633 814 1693 871 in

89 900 446 980 poematibus
470 900 537 958 de
565 916 838 978 corrupto
862 901 1122 959 Ecclefiae
1144 900 1285 959 statu
1300 947 1317 974 ‚
1336 901 1489 960 Bafil.
1523 921 1693 983 1557,

91 994 145 1053 8.
175 1014 300 1072 pag.
330 1011 437 1074 355
462 996 579 1067 ,J0.
609 991 890 1053 XVolfium
919 994 988 1051 T.
1020 1016 1070 1053 2.
1096 995 1216 1053 lest.
1247 995 1696 1053 memorabilium

89 1106 146 1164 p.
175 1105 308 1162 407.
335 1088 398 1145 &
421 1087 590 1143 Henr.
610 1085 1017 1159 Meibomium,
1045 1086 1235 1144 recudi
1262 1107 1439 1165 nuper
1469 1086 1698 1146 curavit

88 1178 352 1237 -Albertus
393 1178 670 1236 Henricus
715 1177 781 1234 de
815 1177 1094 1256 Sallengre
1141 1178 1198 1233 in
1232 1176 1381 1234 libro
1419 1177 1646 1235 Gallico
1678 1221 1697 1248 ‚

92 1271 369 1329 Me'moires
394 1276 454 1329 de
479 1272 733 1329 lite'rature
755 1270 825 1328 T.
852 1270 899 1327 II
920 1291 974 1348 p.
1019 1292 1084 1349 19
1100 1291 1143 1327 1.
1170 1269 1246 1349 sq.
1277 1267 1504 1326 Exstant
1529 1267 1699 1326 etiam

92 1360 337 1439 ejusdem
375 1363 531 1421 Laelii
559 1363 1076 1445 Virgiliocentones
1128 1361 1195 1418 de
1226 1362 1316 1418 lue
1342 1405 1358 1433 ‚
1399 1381 1567 1440 quam
1590 1360 1700 1418 Hi-

94 1451 376 1531 spanicam
410 1453 537 1524 alii,
563 1453 657 1511 alii
680 1453 959 1511 Gallicam
980 1452 1298 1531 appellant,
1327 1450 1701 1509 Fracastorius

95 1559 357 1622 poemate
386 1544 772 1622 pulcherrimo
799 1543 1172 1624 Syphilidem.
1206 1544 1387 1601 Julius
1408 1561 1588 1619 porro
1615 1545 1703 1599 Ca·

84 1642 309 1716 pilupns
336 1683 352 1711 ‚
391 1637 487 1716 qui
523 1637 824 1715 superioris
876 1657 1053 1715 nepos
1098 1635 1204 1694 fuit
1226 1681 1242 1710 ‚
1287 1635 1380 1693 sex
1413 1636 1703 1694 Centone-s

97 1729 245 1787 varii
271 1729 580 1808 argumenti
613 1729 680 1786 ad
704 1728 1073 1787 Vincentium
1103 1729 1432 1805 Gonzagam
1455 1728 1705 1783 Mantuae

3 1867 6 1871 .
95 1817 297 1875 ducem
318 1817 529 1896 scripfit
551 1863 568 1891 ‚
593 1819 663 1875 ab
684 1822 812 1876 Ant.
841 1818 1145 1875 Poffevino
1173 1818 1243 1875 ad
1266 1816 1576 1875 editionem
1607 1838 1702 1895 pa-

95 1922 248 1967 ratos
271 1906 470 1966 Romae
503 1931 548 1968 a.
595 1932 614 1968 1
633 1928 655 1989 ς
673 1929 760 1989 50.
801 1914 1020 1968 Fulvius
1045 1911 1311 1992 Ursinus,
1335 1923 1472 1967 tunc
1505 1909 1705 1966 admo-

96 1998 231 2056 dum
263 1996 490 2076 juvenis
510 2044 528 2072 ,
552 1999 810 2076 adjunxit
836 2000 1384 2078 Virgiliocentonem
1423 2001 1481 2057 in
1511 2000 1706 2058 laudes

100 2090 381 2147 Benediffi
412 2090 560 2169 AEgii
589 2091 880 2168 Spoletini.
914 2095 983 2149 V.
1011 2092 1346 2171 Menagiana
1390 2092 1461 2149 T.
1499 2094 1579 2169 IV
1597 2138 1615 2165 ‚
1649 2113 1706 2170 p„

104 2201 170 2258 23
193 2205 235 2240 1.
259 2187 453 2239 Saulus
476 2185 730 2240 Mercems
745 2227 762 2255 ‚
786 2182 902 2239 five
918 2182 1014 2261 qui
1042 2181 1383 2260 transpositis
1405 2174 1577 2240 literis
1602 2183 1702 2241 sub

102 2275 215 2332 hoc
263 2274 494 2332 nomine
537 2272 709 2347 latet,
748 2287 762 2313 1
797 2279 1015 2332 Marcus
1061 2276 1294 2351 Velsertzs
1322 2313 1340 2346 -‚
1387 2272 1445 2330 in
1490 2274 1702 2333 Proteo

105 2366 424 2446 virgiliano
446 2411 464 2439 ,
490 2370 750 2425 Hernicus
785 2370 1103 2424 Meibomius
1146 2386 1287 2424 avus
1328 2365 1390 2422 in
1427 2365 1707 2446 Virgilio-

103 2456 480 2528 centonibuS,
514 2476 661 2534 quos
709 2477 837 2514 cum
882 2456 1148 2513 haflenus
1198 2454 1431 2513 laudatis
1471 2454 1704 2533 junffim

106 2549 315 2620 edidit,
342 2546 641 2623 subjunfitis
680 2549 791 2605 Jul.
835 2547 1014 2622 Roscii
1039 2544 1270 2602 Hortini
1310 2547 1703 2603 contexendom

105 2662 228 2698 rum
266 2653 575 2698 centonum
606 2639 932 2718 praeceptis,
957 2637 1257 2695 Helmstad.
1291 2654 1439 2718 1597
1464 2682 1481 2710 ‚
1504 2659 1560 2712 4.
1603 2639 1707 2697 His

106 2731 306 2789 addere
344 2730 535 2789 licebit
574 2735 786 2790 Onon-is
812 2733 1041 2807 Gryplzii
1077 2729 1253 2787 vitam
1279 2728 1488 2788 Christi
1511 2731 1704 2811 Virgim

182 2904 200 2934 1
239 2886 293 2935 In
315 2885 487 2936 Velseri
513 2904 621 2952 opp.
645 2887 787 2936 editus
807 2883 871 2936 est
943 2888 1057 2936 tiam
1087 2903 1350 3002 arigumenta
1375 2887 1589 2936 librorum
1620 2890 1707 2939 ΑΞ·-

106 2954 180 3002 hic
215 2953 401 3001 Proteus
448 2954 616 3003 Norib.
664 2955 800 3004 1682.
837 2955 868 3004 f.
945 2955 1101 3003 neidos
1144 2956 1303 3022 nugulis
1328 2954 1530 3007 versibus
1549 2957 1710 3012 Vim-i.

106 3037 288 3070 curante
297 3020 563 3087 Christoph.
578 3022 802 3071 Amoldo.
819 3023 871 3071 In
933 3022 985 3070 -lii
1004 3022 1219 3089 expressa.
1637 3012 1665 3024 υ

112 3089 202 3137 hoc
223 3087 389 3140 Proteo
416 3091 528 3140 inter
551 3091 635 3140 alia
662 3091 803 3141 habes
835 3108 876 3140 e·
