2165 3792
458 260 575 321 274
734 235 1183 295 NOTITIA
1224 187 1813 290 LJTERARIA

450 375 895 456 peregrinantibus
939 371 1179 454 ostentare
1214 367 1363 442 refert
1396 367 1511 424 Jac.
1534 368 1678 424 Phil.
1717 363 2062 444 Thomafimts

458 473 591 528 libro
618 511 634 540 ‚
669 487 818 544 quem
860 468 920 522 de
961 466 1133 522 divini
1161 482 1323 539 poetae
1368 462 1510 518 rebus
1550 457 1849 534 composuit.
1894 457 1940 512 E
1975 474 2068 510 re·-

457 557 806 620 centioribus
837 553 1138 633 Virgilium
1177 550 1440 611 adversus
1478 548 1833 608 infeciatores
1869 543 2066 603 defen.-

458 650 648 709 fitavit
701 661 901 726 praeter
937 643 1241 703 Iovianum
1294 642 1613 699 Pontanum
1656 636 1901 717 Angelus
1941 635 2069 693 De·-

462 740 747 801 cembrius
773 738 920 795 libro
959 733 1204 791 secundo
1229 731 1444 809 politiae
1467 730 1724 788 literariae
1743 774 1760 802 ‚
1787 730 1850 787 &
1875 731 2072 785 Franc.

464 835 788 910 Campanus
811 829 870 884 in
894 823 1204 904 quaestione
1226 821 1537 900 Virgiliana
1555 868 1573 896 ,
1597 819 1875 880 Bononiae
1894 863 1913 892 ,
1941 819 2073 875 Me-

465 923 715 993 diolani,
739 921 801 978 δε
835 915 1047 975 Parisiis
1095 932 1234 994 1541
1268 958 1285 987 9
1313 913 1364 971 8.
1397 911 1577 985 edita,
1615 933 1715 991 per
1757 932 1928 992 quam
1973 909 2074 967 ab—

464 1013 705 1072 solvitur
727 1023 898 1088 poeta
922 1029 953 1065 a
986 1004 1339 1086 negligentiae
1364 1004 1596 1063 crimine
1619 1049 1637 1077 ,
1673 1005 1830 1083 quod
1851 1006 2076 1074 Varus,

468 1107 668 1164 Tucca
705 1102 909 1180 aliique
934 1099 985 1157 ei
1013 1099 1153 1157 olim
1177 1097 1548 1176 impegerunt.
1585 1095 1850 1175 Virgilius
1884 1093 2081 1152 defen-

467 1196 594 1269 sus,
620 1195 721 1274 qui*
755 1194 939 1252 lucem
970 1190 1118 1251 vidit
1156 1187 1357 1247 Leodii
1398 1187 1539 1269 1685
1568 1233 1588 1260 ,
1617 1187 1669 1246 8.
1708 1200 1720 1226 ¹
1757 1185 2082 1265 comple&-

468 1307 563 1349 tur
612 1287 994 1346 defensionem
1041 1281 1361 1342 certaminis
1417 1284 1609 1341 AEneae
1662 1303 1789 1340 cum
1835 1281 2038 1339 Turno
2065 1325 2087 1354 ,

472 1379 819 1439 Mambruno
845 1375 1180 1455 oppositam.
1207 1372 1505 1453 Tarquinii
1531 1372 1770 1431 Gallutii
1793 1374 1844 1431 S.
1880 1374 1922 1432 J.
1949 1372 2086 1429 Vir-

470 1471 697 1551 gilianae
721 1466 1140 1526 vindicationes
1163 1511 1180 1539 ‚
1214 1488 1341 1525 cum
1378 1465 1492 1524 diff.
1521 1466 1587 1524 de
1610 1465 1950 1545 Tragoedia,
1978 1465 2089 1522 Co·

473 1564 691 1626 moedia
728 1564 787 1622 &
819 1562 1012 1641 Elegia
1044 1562 1214 1619 Rom.
1260 1561 1399 1617 1621
1432 1604 1448 1632 ‚
1476 1580 1530 1634 4.
1555 1560 1782 1618 Penitus
1811 1556 2091 1618 edidicii'se

481 1655 599 1734 eius
654 1659 860 1734 poema
905 1652 1146 1710 Adamus
1189 1649 1532 1708 Sasbouthus
1582 1650 1817 1708 traditur
1850 1695 1866 1723 ,
1911 1650 1987 1708 ita
2031 1640 2111 1707 ut!

483 1761 642 1805 totos
682 1746 789 1804 XII
824 1742 1093 1802 AEneidos
1133 1741 1308 1799 libros
1335 1762 1368 1798 a
1401 1740 1581 1818 capite
1620 1741 1687 1798 ad
1723 1739 1932 1800 calcem
1959 1738 2094 1819 pos-

480 1837 566 1895 set
592 1836 729 1894 citra
758 1834 1165 1891 haesitationem
1202 1853 1232 1890 e
1267 1832 1539 1889 memoria
1568 1832 1814 1890 reddere.
1854 1833 1944 1891 Sic
1980 1832 2096 1890 Ta·-

489 1928 664 1985 citum
701 1923 898 2003 saepius
944 1921 1246 1980 lectitando
1290 1921 1613 1980 familiarem
1649 1922 1749 1980 fibi
1786 1923 2099 1982 reddiderat

489 2016 703 2094 Lipsius
725 2060 741 2088 ‚
767 2018 829 2074 &
862 2014 932 2072 T.
957 2013 1189 2071 Livium
1222 2012 1611 2071 Buchananus.
1651 2013 1936 2071 Natalium
1961 2014 2100 2070 Vir„

493 2106 613 2187 gilii
639 2096 956 2162 recentiore
981 2100 1256 2160 memoria
1284 2100 1695 2159 celebratorum
1718 2103 1954 2183 vestigia
1979 2149 1996 2176 ‚
2031 2124 2103 2161 ne

495 2197 563 2253 de
614 2192 990 2264 Sannazario,
1044 2193 1110 2249 A.
1163 2190 1451 2270 Naugerio
1484 2237 1504 2263 ‚
1547 2203 1572 2229 2
1609 2192 1875 2251 Lotichio
1924 2196 1989 2252 &
2037 2196 2105 2254 C.

498 2286 845 2346 Kinsch'otio
876 2284 990 2363 jam
1020 2302 1330 2341 memorem
1355 2328 1372 2357 ‚
1402 2283 1617 2349 exstant
1658 2285 1717 2342 in
1751 2287 2105 2363 poematibus

499 2376 901 2438 Eobani‘Heffi
937 2396 1060 2455 pag.
1095 2378 1208 2449 468
1246 2376 1309 2433 &
1333 2397 1468 2455 497.
1508 2379 1570 2436 δέ
1615 2377 1673 2434 in
1721 2375 1851 2437 Nic.
1893 2378 2106 2436 Heinfii

503 2464 791 2548 adopt'tisis
830 2486 952 2549 pag.
1004 2490 1129 2543 114.
1166 2489 1270 2528 nec
1309 2491 1429 2528 non
1463 2469 1520 2528 in
1563 2470 1916 2548 poematibus
1951 2470 2109 2530 Dav.

502 2558 906 2639 Hoogstratani
961 2579 1083 2638 pag.
1127 2579 1259 2638 249.
1305 2558 1481 2637 quia.
1536 2578 1701 2636 1707.
1755 2554 1884 2618 cum
1916 2563 2108 2619 Franc.

509 2651 859 2711 Heffelio·&
892 2651 1074 2710 Corn.
1113 2672 1229 2712 van
1268 2650 1478 2711 Arckel
1523 2651 1697 2710 latino
1731 2652 1978 2712 carmine
2003 2699 2020 2727 ‚
2050 2670 2111 2712 ut

588 2900 607 2931 1
651 2881 895 2931 Nouvelles
920 2883 970 2929 de
989 2882 1033 2930 la
1059 2881 1172 2948 Re'p.
1200 2883 1277 2930 des
1350 2882 1556 2931 manibus
1588 2883 1798 2945 inferias,
1825 2884 2112 2934 inficetorum

515 2947 657 2996 lettres
689 2949 824 3016 1685.
853 2969 895 3015 p.
925 2966 1031 3015 559.
1351 2951 1637 3015 quorundam
1659 2967 1896 3015 poetarum
1919 2954 2114 3001 carmina

590 3034 615 3064 2
659 3016 909 3082 Naugerius
939 3018 1099 3065 dicitur
1131 3035 1278 3066 recur-
1351 3018 1597 3066 infelicibus
1639 3020 1875 3069 ustulanda
1920 3020 2114 3069 flammis

520 3086 631 3132 renti
650 3084 836 3151 Virgilii-
855 3085 1012 3148 natali,
1044 3084 1167 3138 velut
1184 3085 1281 3153 ejus
1350 3085 1612 3137 immolasse.
