2165 3792
482 189 932 251 'LIBER
1014 196 1101 254 II.

31 319 255 380 Attribuit
277 322 473 382 totidem
498 345 694 382 numero
719 324 1003 405 fulgentibus
1023 325 1175 394 astris}

29 413 98 471 Ut
122 413 290 472 sociata
310 414 466 471 forent
489 416 660 472 alterna
680 413 824 472 sidera
848 415 972 473 sorte
987 460 1004 484 ‚

32 506 91 560 Et
118 503 270 560 similis
293 502 373 560 fibi
398 504 593 560 mundus
612 549 628 576 ‚
653 504 702 562 δε
729 505 887 562 omnia
912 505 957 562 in
986 504 1199 564 omnibus
1219 507 1359 576 astra;

32 598 250 670 Quorum
275 594 478 652 mixturis
506 616 691 674 regeret
715 598 975 655 concordia
994 617 1163 677 corpus
1183 640 1199 664 ‚

32 689 91 742 Et
114 687 252 744 tutela
274 686 395 743 foret
418 687 656 745 communi
680 708 830 746 mutua
854 687 997 747 causa.

29 776 212 835 Idcirco
236 801 496 857 quanquam
519 776 659 860 signis
683 780 920 840 nascantur
941 782 1111 840 eisdem
1129 826 1146 850 ‚

33 868 259 928 Diversos
283 869 489 929 referunt
513 896 666 931 mores
685 919 698 941 ‚
723 872 1001 954 inimicaque
1026 894 1154 934 vota.

34 963 93 1017 Et
118 961 239 1041 saepe
262 962 305 1020 in
334 965 537 1043 pecudes
560 985 679 1023 errat
702 984 854 1024 natura
872 1010 887 1033 .,
913 990 1180 1047 maremque

33 1051 216 1110 Femina
237 1052 523 1135 subsequitur
539 1101 554 1125 ‚
573 1057 818 1115 miscentur
837 1056 985 1114 fidere
1007 1077 1159 1137 partus
1175 1099 1192 1126 ,

35 1142 227 1225 Singula
249 1146 435 1205 diversis
457 1149 634 1206 variant
658 1151 786 1229 quod
814 1149 1015 1230 partibus
1038 1150 1178 1224 astra,

36 1239 445 1298 Dodecatemoriis
468 1242 680 1323 proprias
705 1244 918 1301 mutantia
938 1243 1074 1301 vires,

39 1330 179 1387 Nunc
204 1330 313 1410 quid
343 1329 394 1388 sit
418 1334 607 1410 cujusve
631 1354 788 1391 canam
807 1379 821 1401 ‚
844 1356 1005 1413 quove
1030 1332 1194 1392 ordine
1215 1334 1456 1395 constent:

42 1421 118 1478 Ne
140 1445 278 1502 vagus
304 1422 478 1503 ignotis
502 1425 738 1505 lignorum
764 1427 965 1506 partibus
988 1449 1130 1484 erres·

39 1511 140 1590 Ipsa
161 1513 243 1571 suo
269 1514 470 1572 retinent
498 1517 662 1595 primas
686 1516 733 1573 in
755 1540 962 1596 corpore
985 1537 1134 1596 partes

43 1603 228 1661 Sidera:
249 1604 413 1662 vicinae
436 1606 734 1665 subeuntibus
757 1608 1078 1666 attribuuntur.

46 1699 214 1754 Cetera
239 1719 327 1776 pro
356 1721 548 1756 numero
576 1700 747 1757 ducunt
771 1723 827 1757 ex
858 1701 1024 1758 ordine
1049 1701 1227 1759 sortese

42 1786 216 1844 Ultima
244 1787 292 1846 δι
315 1789 531 1847 extremis
552 1790 671 1849 ratio
696 1791 976 1849 conceditur
997 1792 1136 1850 astris,

41 1876 231 1958 Singula
255 1878 315 1939 fic
342 1882 544 1939 retinent
566 1881 694 1940 binas
719 1883 764 1941 in
793 1880 936 1941 sidera
962 1906 1163 1963 quaeque

45 1966 365 2050 Dimidiasque
391 1970 454 2027 sui
481 1993 630 2051 partes
650 1998 664 2040 ;
688 1970 738 2031 Sc
759 1973 929 2031 summa
952 1973 1161 2053 repletur

48 2060 257 2118 Sortibus
282 2063 449 2120 exafilis
473 2064 656 2143 triginta
680 2063 826 2122 fidere
851 2065 897 2122 in
922 2066 1068 2124 omni.

129 2155 232 2210 Nec
258 2176 398 2233 genus
427 2156 489 2212 est
510 2179 649 2213 unum
668 2201 682 2221 ,
705 2157 822 2215 ratio
852 2180 938 2214 nec
963 2156 1151 2237 prodita
1176 2153 1402 2239 simplem

49 2244 258 2302 Pluribus
283 2246 421 2325 inque
443 2247 595 2307 modis
620 2273 770 2307 rerum
794 2271 947 2308 natura
971 2249 1177 2320 locavit,

51 2335 350 2413 Deduxitque
375 2336 499 2402 vias·,
525 2339 768 2418 voluitque
796 2364 878 2418 per
906 2341 1063 2398 omnia
1085 2340 1247 2420 quaeri,

51 2426 164 2481 Haec
188 2450 380 2506 quoque
404 2450 642 2509 comperta
669 2432 731 2488 est
755 2433 870 2489 ratio
893 2432 973 2490 sub
1001 2434 1189 2490 nomine
1214 2435 1399 2494 eodem

53 2520 348 2598 Quacunque
372 2521 415 2577 in
449 2541 577 2601 parte
603 2523 860 2580 nascentum
886 2541 1100 2603 tempore
1126 2528 1250 2583 Luna

53 2609 328 2668 Constiterit
345 2655 359 2675 ,
383 2612 581 2669 numeris
607 2614 720 2669 hanc
745 2633 815 2670 ter
833 2614 1033 2694 dispone
1057 2617 1286 2694 quaternis
1304 2663 1320 2686 2
1375 2635 1377 2637 ’

54 2701 248 2759 Sublimi
271 2703 464 2760 totidem
492 2704 597 2784 quia
618 2704 801 2783 fulgent
820 2703 964 2764 sidera
989 2711 1179 2767 mundo.

56 2795 169 2851 Inde
190 2793 287 2852 suas
310 2795 376 2851 illi
401 2793 535 2875 signo
557 2841 571 2861 ‚
596 2820 691 2876 quo
717 2799 839 2855 Luna
864 2800 1069 2869 refulsit,

59 2888 276 2965 Quaeque
301 2887 407 2945 binc
429 2888 692 2956 defuerint,
719 2910 870 2968 partes
895 2914 1137 2951 numerare
1157 2913 1409 2953 mementO.

56 2981 268 3038 Proxima
291 2981 486 3039 tricenas
511 2983 773 3062 pariterque
794 2984 1031 3061 sequentia
1051 2986 1240 3044 ducunt.

34 3070 142 3130 *Hic
163 3073 239 3131 ubi
260 3074 444 3132 deficiet
466 3097 705 3143 nummum,
723 3093 835 3132 tuns:
861 3075 1026 3133 summa
1051 3076 1205 3135 reliGta

1518 209 1629 257 111'

1526 619 1643 678 705

1535 1079 1654 1135 710'

1545 1996 1664 2051 720ss

1545 2459 1664 2518 7'25
