2165 3792
451 235 574 302 300
690 223 1148 283 NOTITIA
1219 223 1806 286 LITERARIA

654 356 876 418 fabatur,
915 357 1131 407 absoluta
1173 359 1516 422 interpretatio.
1544 387 1638 397 --
1665 360 1811 422 impr.
1858 360 2054 426 Neapo‘ii

653 440 743 487 per
774 425 853 485 Jo.
892 427 1222 491 Sulzbacclzium
1270 430 1314 476 ἅ
1360 426 1622 483 Matthiam
1665 424 1846 484 Cancer.
1884 439 2052 488 quarto

656 491 773 541 Idus
801 493 1118 542 Novembres.
1147 492 1247 543 fol.
1300 495 1457 544 Prima
1488 493 1592 542 haec
1627 493 1933 542 Scholiorum
1972 495 2055 540 Ti-

653 560 759 606 berii
780 561 956 609 Claudii
981 562 1155 609 Donati
1171 569 1185 620 3
1201 561 1282 623 qui
1311 564 1356 611 Sc
1375 562 1521 612 vitam
1541 560 1722 623 Virgilii
1750 560 1928 623 scripsit
1946 595 1960 619 ‚
1981 562 2055 621 ju-

654 627 856 689 niorque
891 627 956 676 est
990 629 1125 676 AElio
1166 631 1386 690 Donato,
1424 630 1603 689 editio,
1633 628 1870 691 Scipionis
1907 630 2056 692 Capy-
2156 683 2157 686 Ἴ

653 695 711 742 cii
730 731 744 753 ‚
781 695 842 743 ad
868 711 1011 757 quern
1045 710 1071 742 e
1088 694 1388 744 Bibliotheca
1412 697 1439 757 J
1443 713 1486 747 O.
1510 696 1698 757 Joviani
1722 694 1921 745 Pontani
1949 710 2056 757 per-

653 772 911 821 venerant,
939 761 1095 809 studio
1116 799 1129 821 ‚
1152 760 1313 809 Paullo
1341 764 1500 812 flavio
1525 773 1720 812 curante
1749 761 1944 821 excusa-3
1969 778 2059 809 no-

653 845 765 877 vam
795 829 906 876 dein
939 843 1104 876 curam
1134 828 1218 877 Ge.
1243 827 1446 878 Fabricii
1477 848 1535 892 14
1564 831 1667 893 post
1695 831 1828 879 annis
1848 840 2058 892 experta.
2160 859 2161 862 =

458 894 584 962 1536
651 896 701 945 P.
745 896 809 943 V.
860 895 931 944 M.
985 895 1146 958 Opera
1191 910 1304 944 cum
1340 896 1611 946 Comment.
1661 898 1884 948 Servii&
1916 897 2060 944 Pierii
2140 893 2162 928 ¹·

651 963 822 1010 Brixiae
838 963 966 1025 apud
985 962 1107 1012 Lud.
1126 963 1456 1012 Britannicum
1472 964 1557 1014 fol.
1577 966 1736 1015 recusa
1753 965 1886 1030 1546.

653 1097 702 1145 si.
733 1096 903 1146 Colon.
937 1097 982 1146 8.
1016 1098 1078 1150 cf.
1107 1099 1167 1147 ad
1197 1115 1283 1147 an..
1309 1115 1451 1166 1529.

653 1165 823 1216 FranC.
886 1167 1096 1232 Campani
1148 1165 1358 1228 Quaestio
1402 1165 1660 1230 Virgiliana
1706 1169 1796 1216 &a
1846 1166 2060 1229 primum

654 1234 866 1282 Bononiae
893 1233 1022 1281 edita
1051 1232 1142 1281 effe
1177 1235 1366 1282 videtur
1402 1234 1592 1298 Heynio
1626 1250 1684 1282 ex
1710 1233 1890 1297 praefixi
1923 1234 2062 1283 Cam-

655 1301 769 1363 pani
794 1316 867 1363 ep.
905 1301 1015 1349 data
1040 1303 1090 1351 X
1108 1300 1214 1351 Kal.
1245 1301 1392 1352 Mart.
1427 1306 1568 1369 1536.
1597 1302 1751 1351 Totus
1782 1318 1895 1350 vero
1928 1299 2064 1348 libel-

652 1029 892 1092 Georgica
909 1032 955 1080 <Sc
978 1029 1205 1080 Bucolica
1233 1046 1344 1080 cum
1364 1032 1565 1082 Adnott.
1585 1033 1712 1082 Helii
1739 1033 1919 1085 Eobani
1940 1029 2060 1080 Hes-
2157 1080 2160 1082 ,

653 1368 728 1416 lus
754 1367 964 1416 versatur
989 1369 1116 1418 circa
1137 1369 1288 1419 XXII
1312 1369 1472 1419 versus
1489 1408 1503 1427 ‚
1539 1385 1656 1433 quos
1687 1370 1851 1420 Tucca
1887 1384 1942 1417 ac
1966 1369 2063 1416 Va-
2151 1376 2156 1386 '

655 1451 735 1484 rus
769 1436 818 1484 in
853 1435 904 1486 L.
938 1435 984 1485 ΙΙ
1012 1438 1057 1486 ἃ
1091 1436 1154 1487 VI
1177 1437 1284 1488 AEn.
1317 1436 1542 1487 sustuliffe
1573 1438 1808 1486 feruntur.
1845 1436 1904 1486 cf.
1932 1436 2062 1499 Hey-

652 1503 788 1552 nium
817 1504 878 1552 ad
911 1520 988 1555 an.
1022 1520 1161 1571 ¹540·
1622 1512 1625 1513 ’
2115 1515 2118 1517 ’

656 1573 702 1620 ἅ
723 1588 866 1638 1537.
890 1573 1080 1622 Iuntina
1107 1573 1172 1622 IV
1191 1610 1206 1633 ,
1227 1575 1380 1634 major
1400 1572 1472 1622 11:
1503 1573 1552 1623 P.
1579 1574 1634 1622 V.
1656 1571 1728 1622 M.
1755 1571 1916 1634 Opera
1951 1586 2063 1618 cum

651 1640 881 1688 undecim
913 1640 1281 1689 Commentariis
1305 1658 1314 1690 :
1339 1639 1500 1704 Chph.
1529 1640 1728 1689 Larzdini
1745 1678 1760 1698 ,
1788 1640 1895 1688 Ant.
1920 1641 2063 1686 Man-

656 1707 824 1767 anelli,
844 1708 872 1768 J
875 1725 920 1757 o.
947 1707 1083 1757 Badii
1101 1709 1318 1774 Ascenfii,
1343 1708 1516 1769 Servii,
1543 1708 1721 1756 Donati
1740 1744 1754 1767 ,
1775 1708 1908 1753 Probi
1928 1743 1940 1761 ,
1959 1708 2064 1753 Da·

655 1777 723 1823 tlzi
741 1812 754 1833 .,
777 1773 891 1834 Julii
917 1775 1171 1838 Pomponii
1201 1777 1386 1835 Sabini,
1410 1777 1622 1824 Beroalcz'i
1641 1813 1653 1835 ‚
1681 1773 1881 1822 Domitii
1909 1774 2071 1821 Caldea

657 1843 744 1889 rini
772 1844 851 1906 (ec
875 1842 1066 1901 Pierii.)
1094 1843 1306 1891 Venetiis
1339 1843 1469 1903 apud
1498 1843 1610 1892 LUC.
1649 1844 1757 1891 Ant.
1787 1841 1997 1900 Juntam.
2035 1857 2063 1887 2

657 1907 772 1957 voli.
807 1907 891 1957 fol.
921 1909 983 1957 cf.
1016 1909 1078 1957 ad
1112 1926 1187 1957 an.
1219 1925 1341 1975 1532
1366 1911 1411 1959 δί
1441 1909 1505 1971 sq.

462 1990 592 2043 1537
661 1975 719 2025 R.
746 1977 964 2042 Stephani
991 1976 1091 2025 IH:
1125 1976 1207 2025 sed
1227 1977 1384 2024 minor
1409 1993 1420 2025 z
1452 1977 1501 2025 P.
1522 1977 1576 2026 V.
1595 1976 1667 2026 M.
1689 1993 1765 2040 ap.
1796 1974 1924 2026 Rob.
1961 1975 2066 2025 Ste-

659 2041 891 2106 phanum.
926 2061 999 2091 12.
1031 2059 1090 2091 ex
1107 2043 1155 2092 ss
1188 2058 1328 2108 1533.

453 2113 709 2161 ⁵——P.
746 2111 803 2159 V.
845 2110 918 2160 M.
950 2125 1061 2158 cum
1095 2109 1290 2158 scholiis
1333 2110 1698 2158 Melanchtlzonz's
1734 2112 1778 2160 &
1809 2109 1975 2159 Cuiice
2006 2122 2066 2156 ex

659 2179 810 2226 Bembz'
830 2178 1158 2241 recognitione
1186 2183 1205 2243 (
1224 2176 1271 2226 h.
1291 2193 1331 2226 e.
1354 2176 1526 2226 Aldina
1562 2195 1687 2244 1514
1706 2178 1727 2238 )
1753 2177 1989 2241 Lugduni.
2015 2176 2062 2225 8.

662 2245 783 2295 Lud.
806 2247 937 2293 Vivis
956 2245 1005 2293 in
1023 2244 1250 2295 Bucolica
1268 2243 1454 2308 Virgilii
1482 2244 1826 2308 interpretatio.
1854 2243 1984 2294 Baffl.
2017 2243 2064 2291 8.

661 2313 808 2362 Hunc
837 2329 1029 2375 quoque
1049 2330 1227 2362 annum
1245 2313 1437 2376 praefert
1461 2312 1509 2360 in
1527 2312 1686 2361 fronte
1713 2313 1861 2362 editio
1881 2314 2067 2362 Veneta

659 2380 774 2430 Buc.
795 2381 966 2445 Georg.
987 2384 1028 2430 &c
1047 2381 1153 2431 AEn.
1173 2382 1223 2428 in
1240 2379 1420 2429 aedibus
1436 2380 1572 2429 Bern.
1594 2382 1803 2446 Stagnini
1818 2397 1892 2429 an.
1918 2396 2056 2444 1531.

463 2464 518 2515 15
531 2446 588 2512 38
663 2448 972 2514 GryphianaI
994 2465 1007 2498 ε
1027 2449 1143 2499 Buc.
1169 2449 1252 2499 Ge.
1276 2450 1320 2497 δε
1338 2448 1514 2497 AEneis.
1538 2449 1725 2512 Parisiis
1744 2449 1870 2511 apud
1890 2448 2060 2497 Franc.

663 2516 924 2582 Gryphium.
956 2535 1003 2577 4.
1034 2515 1261 2566 Bucolica
1280 2516 1477 2579 quidem
1503 2532 1577 2564 an.
1615 2515 1737 2582 1538
1767 2525 1815 2564 at
1836 2516 2067 2580 Georgica

667 2599 789 2649 ¹535
826 2585 869 2632 ἃ
900 2583 1059 2634 AEneis
1095 2601 1220 2650 1537
1253 2599 1406 2632 annos
1434 2582 1616 2632 habent
1636 2583 1751 2631 teste
1780 2583 2066 2633 Maittairio.

662 2716 756 2768 liis.
799 2717 1024 2780 Ejusdem
1062 2718 1320 2782 Opuscuia.
1357 2718 1508 2767 Culex
1533 2717 1757 2780 insuper,
1787 2735 1814 2767 a
1846 2719 1894 2767 P.
1922 2719 2063 2768 Bern-

664 2784 727 2834 bo
764 2787 1314 2850 recognit.--Parifiis
1343 2785 1611 2834 excudebat
1644 2785 1719 2846 Jo.
1751 2787 1986 2835 Lodoicus.
2021 2786 2066 2836 8.
2119 2806 2122 2807 ⁷

655 2852 832 2903 Exacita
855 2854 1044 2903 videtur
1074 2855 1135 2903 ad
1171 2855 1248 2904 ed.
1281 2854 1499 2915 Lugdun.
1531 2869 1670 2919 1537.

659 2650 708 2700 P.
732 2651 786 2700 V.
817 2650 888 2700 Μ.
923 2652 1082 2714 Opera
1102 2690 1116 2712 ,
1144 2650 1261 2701 Phil.
1284 2651 1652 2700 Melanclztlzonis
1681 2650 1906 2699 illustrata
1933 2650 2067 2700 scho-
2155 2682 2157 2684 ·

473 2918 598 2987 1538
627 2922 673 2970 δε
706 2937 830 2986 1539
860 2923 1154 2986 Erythraeana
1186 2923 1237 2972 1:
1267 2922 1316 2970 P.
1345 2922 1401 2969 V.
1430 2921 1499 2971 M.
1524 2921 1683 2982 Opera
1709 2935 1838 2968 nunc
1865 2920 2062 2968 demum
2150 2915 2151 2918 '

660 2989 769 3038 Nic,
795 2989 1013 3054 Erythraei
1038 3006 1182 3052 opera
1202 2990 1250 3038 in
1268 2988 1510 3051 pristinam
1535 2987 1792 3037 lefstionem
1816 2987 2023 3034 restituta
2046 3024 2062 3044 ,

669 3056 843 3104 additis
881 3056 1094 3118 ejusdem
1125 3056 1317 3105 scholiis
1337 3095 1349 3116 ,
1379 3071 1468 3103 nec
1505 3071 1602 3103 non
1637 3055 1962 3104 observatione
1993 3054 2064 3102 di-

664 3121 830 3187 ligeriti
869 3139 981 3176 cum
1023 3124 1223 3175 licentiae
1260 3124 1446 3185 onmia,
1470 3133 1577 3173 tum
1616 3123 1870 3187 diligentiae
1900 3121 2063 3173 Maro-
