2165 3792
800 166 918 246 ε’]
953 187 1007 243 R
1033 190 1081 243 J·
1106 190 1172 242 3,.

147 376 150 378 .
190 322 346 384 Ἇιιτεει
372 316 589 386 sollemni
613 335 819 377 comtum
843 341 1036 399 quoque
1062 317 1202 376 fibula
1224 316 1320 376 ritu

191 413 459 495 Mopsopio
481 408 616 470 tereti
639 409 850 468 nectebat
872 410 1016 468 dente
1040 408 1230 466 cicadae.

191 510 297 566 Nec
323 528 437 563 vero
463 503 560 560 haec
583 502 717 560 vobis
742 501 946 560 custodia
970 524 1084 561 vana
1104 499 1258 558 fuisset
1278 544 1295 568 ,

191 599 295 656 Nec
314 597 486 654 fuerat:
511 593 591 652 nist
618 595 772 675 Scylla
797 617 928 653 novo
954 612 1185 673 concepta
1204 592 1403 659 furore4

189 690 346 771 Scylla
366 686 504 769 patris
524 687 674 745 miseri
698 687 953 768 patriaeque
977 686 1167 744 inventa
1193 684 1489 764 sepulcrumj

188 786 237 840 O
261 779 446 838 nimium
470 778 648 859 cupidis
664 777 695 835 fi
721 802 816 838 non
839 777 1046 836 inhiasset
1069 776 1234 836 ocellis
1251 783 1265 829 Σ·

189 873 285 931 Sed
308 871 450 930 malus
474 870 554 929 ille
574 894 688 952 puer
705 915 722 944 ,
749 893 887 950 quem
907 892 991 927 nec
1015 869 1092 926 sua
1114 868 1304 926 flectere
1327 885 1471 925 mater

189 967 352 1020 Iratum
378 963 535 1044 potuit
554 1007 569 1031 ‚
598 984 737 1041 quem
764 984 850 1019 nec
872 980 1002 1040 pater
1027 978 1164 1037 atque
1188 982 1296 1017 avus
1319 957 1454 1038 idern-

176 1045 380 1133 Jupiter.
416 1054 500 1112 llle
526 1052 665 1112 etiam
685 1057 859 1110 Poenos
881 1049 1111 1108 domitare
1130 1050 1293 1107 leones
1313 1093 1331 1116 ,
1445 1045 1449 1049 ’

191 1145 250 1201 Et
278 1145 449 1203 validas
470 1142 635 1201 docuit
665 1141 787 1199 vires
813 1140 1126 1199 mansuescere
1151 1138 1315 1217 tigrin

187 1235 274 1293 Ille
300 1235 436 1293 etiam
460 1234 606 1293 Divos
623 1279 638 1301 ‚
661 1229 903 1301 hominc33
926 1233 1005 1291 sed
1029 1228 1428 1312 dicere'magnum'
1449 1229 1550 1290 estas

188 1328 318 1387 Idem
338 1347 433 1385 tum
454 1325 628 1407 superis
652 1326 843 1384 acuebat
867 1324 1083 1405 parvulus
1104 1323 1206 1381 iras.

188 1418 384 1475 lunonis
405 1439 583 1496 magnae
601 1463 616 1485 ‚
639 1419 768 1496 cujus
791 1417 991 1497 perjuria
1016 1416 1153 1474 Divae

191 1509 323 1568 Olim
351 1509 397 1566 se
419 1508 670 1566 meminisse
696 1509 772 1566 diu
798 1510 981 1588 perjura
1005 1509 1178 1588 puellae

191 1607 305 1661 Non
330 1602 413 1660 ulli
435 1602 606 1670 liceat,
630 1602 891 1661 violaverat
918 1602 1060 1660 inscia
1084 1602 1239 1658 sedem
1257 1646 1279 1669 ‚

189 1701 311 1755 Dum
335 1695 469 1754 sacris
492 1713 682 1776 operata
703 1701 817 1754 Deae
840 1694 1016 1754 lascivit
1032 1740 1049 1767 ,
1074 1694 1123 1753 ἃ
1145 1714 1272 1751 extra

190 1787 410 1846 Procedit
431 1787 579 1866 longe
600 1809 795 1845 matrum
819 1786 1139 1865 comitumque
1164 1805 1389 1843 catervam
1406 1831 1431 1855 ⁹.

190 1877 469 1957 suspensam
491 1878 691 1958 gaudens
719 1876 762 1935 in
787 1900 992 1957 corpore
1016 1876 1177 1933 ludere
1201 1876 1373 1933 vestem
1391 1920 1414 1945 ,,

189 1971 249 2026 Et
272 1967 474 2027 tumidos
494 1968 699 2048 agitante
719 1968 839 2026 finus
863 1967 1102 2048 Aquilone
1126 1967 1349 2024 relaxans.

193 2060 409 2119 Necdum
427 2059 563 2118 etiam
584 2061 731 2118 castos*
747 2059 1004 2140 agitaverat
1024 2058 1145 2136 ignis
1172 2057 1425 2127 honore&

191 2153 406 2210 Necdum
430 2151 647 2209 sollemni
672 2151 863 2231 lympha
886 2150 1064 2231 perfusa
1087 2148 1303 2207 sacerdos

189 2243 408 2303 Pallentis
431 2242 556 2301 foliis
579 2266 715 2323 caput
738 2261 986 2300 exornarat
1009 2241 1148 2299 olivae
1165 2266 1182 2297 ε-

190 2340 312 2394 Cum
332 2335 457 2414 lapsa
482 2358 508 2393 e
533 2335 742 2393 manibus
761 2336 884 2414 fugit
907 2334 1001 2414 pila
1021 2378 1036 2401 ‚
1062 2356 1259 2412 cumque
1283 2333 1461 2412 relapsa

189 2425 427 2484 Procurrit
450 2424 618 2504 virgo:
648 2448 744 2504 quo
772 2426 947 2482 utinam
969 2447 1027 2481 ne
1055 2424 1242 2501 prodita
1265 2425 1380 2481 ludo

192 2521 348 2574 Aurea
366 2536 457 2573 tam
481 2515 640 2594 gracili
667 2515 872 2573 solvisset
894 2536 1098 2593 corpora
1123 2514 1278 2591 palla!

194 2608 368 2668 Omnia
385 2653 400 2676 ‚
427 2633 531 2688 quae
549 2607 752 2666 retinere
775 2608 960 2688 gradum
977 2651 992 2673 ‚
1019 2606 1292 2684 cursumque
1318 2603 1492 2664 morat}

193 2699 379 2757 Poffent
394 2745 410 2772 ‚
438 2724 467 2757 o
490 2718 644 2756 tecum
666 2698 837 2756 vellem
861 2717 937 2754 tua
961 2697 1144 2775 semper
1167 2696 1392 2754 haberes!

192 2793 311 2855 *Non
333 2813 534 2868 unquam
554 2789 729 2847 violata
752 2812 887 2846 manu
910 2787 1099 2846 sacraria
1118 2788 1255 2844 Divae
1271 2832 1288 2855 ‚

196 2881 398 2939 Iurando
423 2879 585 2938 infelix
614 2879 928 2959 nequidquam
951 2880 1049 2956 jura
1073 2878 1252 2958 piaffeS.

198 2975 258 3029 Et
281 2971 310 3029 fi
337 2972 435 3052 quis
459 2973 666 3031 nocuisse
690 2972 773 3031 tibi
794 2973 994 3053 perjuria
1018 2971 1172 3029 credat
1190 3015 1207 3038 ‚

200 3063 350 3125 Causa
374 3065 448 3145 pia
470 3065 563 3124 essf:
587 3064 740 3124 timuit
762 3064 889 3124 fratri
912 3083 958 3124 te
982 3064 1225 3125 ostendere
1247 3066 1382 3122 luno·

1342 3147 1458 3210 34

1003 3246 1053 3331 ο(

1688 613 1807 668 ηο

1690 1069 1798 1126 135-

1694 1530 1803 1578 140
