2165 3792
426 217 567 271 DE
630 215 698 277 Ρ,
757 213 1272 280 VIRGILIQ
1545 229 1660 285 249

58 341 305 424 sylloges
333 343 704 423 Epistolarum
735 364 790 421 p.
830 362 958 421 193.
993 342 1067 420 sq,
1097 344 1193 401 ubi
1233 346 1296 404 δε
1331 342 1666 422 subscriptio

61 437 239 499 Turcz‘i
261 437 392 511 Rufi
407 438 715 512 Aproniani
744 437 935 518 Asterii
958 432 1243 493 Bucolicis
1271 433 1509 511 subje&a
1526 479 1544 507 ,
1570 432 1668 513 qui

57 526 337 584 Codicem
371 525 532 586 illum
573 525 797 591 testatur
844 524 897 591 se
941 524 1308 597 recensuisse,
1343 530 1404 586 &
1448 522 1669 585 Consul

55 613 164 678 fuit
199 636 328 674 cum
354 616 674 695 Protogene
697 637 742 678 aq
768 615 837 675 C.
864 635 999 694 494.
1030 614 1178 677 unde
1208 614 1417 673 fallitur
1441 621 1670 673 Paullus-

60 709 341 765 Gablarzus
363 752 380 776 ‚
403 705 501 784 qui
528 705 712 763 varias
735 703 1003 763 leffiones
1041 704 1192 765 illius
1219 704 1393 762 edidit
1424 706 1626 763 Brixiae
1649 751 1670 779 ,

58 795 343 874 refertque
371 795 440 853 ad
476 808 732 872 tempora
763 793 996 872 Trajani
1035 798 1173 873 Imp„
1214 795 1321 858 Sed
1344 793 1456 872 jam
1485 796 1671 853 Cocli-2
1734 788 1737 796 ⁴

58 908 180 947 cem
223 887 404 966 ipsum
439 901 626 952 totum
664 888 932 953 habe-mus
969 888 1221 959 editum,
1259 887 1426 946 aeneis
1468 887 1673 953 tabulis

56 982 368 1061 expressum
397 1027 414 1055 ‚
453 998 684 1047 curante
719 985 831 1049 Patr
872 970 1059 1045 Franci
1093 987 1388 1060 Foggitzio,
1422 981 1674 1047 Florenti

65 1095 209 1151 1741
237 1119 254 1147 ‚
295 1074 347 1134 8,
384 1095 514 1133 cum
552 1071 793 1150 ejusdem
834 1074 1081 1147 notulis,
1118 1072 1253 1130 item
1287 1072 1346 1129 in
1385 1072 1471 1137 ed,
1502 1073 1676 1136 Rom,

69 1164 232 1242 1763.
258 1164 381 1227 add,
404 1167 663 1223 Nouveau
699 1166 878 1229 Traite'
908 1167 1156 1241 Diplom.
1181 1164 1252 1222 T.
1279 1166 1366 1221 ΠΙ.
1391 1185 1444 1241 p.
1478 1179 1565 1240 51.
1592 1160 1678 1239 [φ

57 1254 151 1314 De
186 1254 407 1312 Asterio
447 1253 554 1313 isto
592 1255 929 1334 Aproniano
954 1301 972 1328 ‚
1001 1254 1100 1334 qui
1137 1254 1412 1314 Codicem
1446 1252 1677 1332 Virgilii

59 1345 385 1404 Mediceum
406 1347 714 1404 emendasse
737 1347 942 1405 dicitur
958 1391 975 1418 ‚
1000 1346 1131 1405 vide
1156 1343 1592 1404 Tillemontium
1612 1343 1676 1400 in

60 1435 314 1496 Historia
337 1439 741 1516 Imperatorum
759 1483 776 1510 ,
795 1438 856 1498 in
874 1437 994 1495 vita
1010 1435 1217 1496 Juliani
1240 1457 1360 1514 cap.
1394 1459 1413 1494 1
1428 1436 1480 1494 8.
1503 1435 1679 1493 Tom.

57 1529 139 1596 IV
159 1573 178 1602 ‚
204 1549 258 1606 p.
284 1529 420 1607 981.
448 1530 596 1589 Cum
628 1529 847 1587 Codice
883 1527 985 1585 illo
1010 1527 1454 1606 praestantiffimo
1478 1525 1677 1604 Virgi-

57 1616 121 1674 lii
151 1618 415 1676 Mediceo
435 1663 453 1690 ,
481 1618 655 1677 literis
688 1618 899 1697 scripto
939 1617 1255 1676 uncialibus
1284 1617 1400 1679 five
1437 1614 1678 1692 majori-1

60 1708 161 1766 bus
197 1708 510 1781 RomaniS‚
547 1707 732 1766 forma
774 1707 1040 1787 quadrata
1069 1708 1319 1782 minori,
1360 1721 1488 1767 ante
1520 1706 1679 1766 mille

58 1801 123 1860 &
143 1814 427 1860 trecentos
448 1801 684 1878 amplius
709 1822 890 1859 annos
914 1802 972 1858 in
998 1802 1354 1872 membrana,
1376 1802 1678 1878 Marquar-

59 1890 162 1953 dus
189 1891 409 1949 Gudius
441 1912 486 1949 a.
523 1892 688 1952 1662.
721 1891 967 1950 contulit
996 1890 1265 1954 Bucolica
1303 1889 1566 1971 (incepit
1605 1891 1680 1948 ab

58 1982 255 2062 Eclog.
283 1986 362 2041 VI
383 2029 403 2054 ,
426 1979 564 2061 47.)
593 1982 881 2062 Georgica
906 1986 967 2046 &
992 1996 1202 2061 partem
1228 1981 1518 2043 AEneidos,
1547 1981 1677 2040 Alia

60 2072 166 2130 tria
204 2074 360 2137 MSS.
396 2072 622 2151 Virgilii
658 2072 960 2135 volumina
995 2072 1310 2151 pervetusta
1331 2116 1349 2143 ,
1381 2071 1551 2150 inque
1590 2071 1682 2131 his

60 2184 275 2233 unum,
303 2162 462 2240 quod
497 2162 649 2224 mille
682 2183 964 2223 annorum
995 2161 1099 2219 effe
1138 2160 1420 2234 creditur,
1457 2159 1679 2219 exstant:

60 2254 120 2317 in
151 2253 292 2312 Bibl.
331 2253 624 2318 Vaticana,
687 2254 796 2311 Sed
831 2254 899 2320 de
942 2267 1099 2312 aetate
1144 2252 1382 2311 Codicis
1427 2252 1680 2311 omnino

62 2344 388 2407 dissentiunt
424 2344 536 2403 viri
575 2344 727 2407 doffi
749 2390 767 2417 ‚
805 2347 867 2403 &
906 2343 1134 2408 difficile
1170 2342 1249 2405 est
1284 2342 1500 2423 aliquid
1536 2337 1678 2403 certi

62 2437 451 2517 pronuntiare.
491 2459 550 2495 v.
573 2441 756 2499 Nouv.
792 2439 967 2497 Traite'
989 2444 1118 2515 dipl.
1142 2438 1212 2497 T.
1238 2440 1310 2496 III
1331 2482 1349 2511 ,
1395 2460 1448 2516 ρ,
1496 2438 1585 2517 56.
1610 2438 1678 2498 δεῖ

63 2535 274 2595 Bonan·
299 2531 358 2588 in
382 2530 539 2609 praef.
568 2531 784 2589 erudita
808 2531 876 2588 ad
904 2528 1106 2610 figuras
1130 2527 1295 2607 hujus
1319 2527 1583 2599 Codicis,
1603 2548 1678 2585 ex

64 2638 220 2701 parte
242 2622 382 2681 olim
405 2643 437 2680 a
459 2626 679 2688 Barcolo
703 2622 906 2681 tabulis
929 2621 1095 2679 aeneis
1118 2619 1393 2700 expreffas
1414 2622 1476 2680 ὅ(
1498 2620 1678 2678 editas

65 2715 267 2772 Romae-
303 2715 450 2792 1677
473 2758 490 2786 ‚
517 2736 570 2787 4.
597 2714 744 2772 tabb.
778 2732 866 2795 55.
895 2714 1156 2792 repetitas
1182 2728 1367 2771 autem
1402 2709 1572 2792 (nam
1595 2724 1675 2767 ta-

65 2806 213 2864 bulae
243 2826 412 2864 aeneae
446 2804 757 2883 superstites
792 2802 996 2883 erant)
1037 2806 1099 2864 &
1127 2805 1305 2865 auclas,
1341 2802 1508 2882 ipfius
1541 2822 1678 2860 cura

65 2896 201 2960 ibid.
257 2918 398 2974 1741
430 2942 447 2968 ‚
478 2895 583 2955 fol.
621 2919 749 2954 cum
791 2895 1116 2976 fragmentis
1147 2892 1468 2974 Virgilianis
1493 2937 1510 2965 ,
1543 2913 1674 2971 quae

68 2989 127 3046 in
153 3010 223 3047 eo
247 2989 464 3049 Codice
489 2991 858 3069 reperiuntur.
895 2987 1123 3047 Aliusne
1152 2988 1218 3046 fit
1243 2988 1444 3047 Codex
1476 2985 1672 3064 Virgiv

72 3078 169 3155 lii,
194 3081 296 3161 qui
320 3080 552 3145 traditur
575 3081 758 3144 minus
792 3080 1054 3162 antiquus
1078 3080 1304 3160 quidem
1322 3122 1341 3155 ,
1370 3075 1461 3136 sed
1480 3090 1672 3143 tamen·
