2165 3792
475 243 591 305 330
710 224 1166 282 NOTITIA
1236 220 1825 282 LJTERARJA

674 355 757 405 sua
795 365 958 405 tamen
990 353 1138 404 habet
1168 347 1326 416 bona,
1352 353 1522 419 quibus
1553 354 1765 404 Danielis
1807 355 1954 405 editio
1989 372 2067 406 ca-

673 436 761 472 ret.
792 423 1158 476 Observationes
1181 422 1408 488 Erythraei
1432 422 1580 470 indici
1604 420 1797 471 insertas
1816 424 1943 484 quod
1963 427 2068 488 post

673 493 783 541 Ant.
834 492 957 541 Mar.
1011 492 1190 557 Baffizm
1239 495 1283 541 &
1327 489 1756 540 Commelinianam
1805 506 1879 539 an.
1946 494 2064 542 1601

673 560 832 609 omifit
850 559 1194 609 Emmeneffius
1209 596 1222 618 ‚
1244 559 1292 607 in
1312 574 1369 607 eo
1387 557 1700 621 improbatur.
1729 558 2069 609 Emmeneffius

674 644 787 677 cum
822 629 872 676 in
905 643 1049 692 opere
1082 627 1367 675 immortuus
1413 626 1526 675 esset
1561 642 1633 675 an.
1680 627 1833 693 1679,
1871 626 2073 677 absolvit

674 712 871 760 operam
925 696 1198 746 Pancratius
1246 697 1515 760 Masvicius.
1575 693 1764 757 Magnae
1812 692 1928 744 olim
1975 696 2069 744 fuit

672 765 964 815 auctoritatis
997 761 1147 810 editio
1163 799 1178 822 ‚
1204 772 1459 823 antequam
1488 760 1746 811 Masvicius
1770 760 1870 825 ipse
1892 779 2070 813 novam

675 836 719 882 ἃ
755 835 803 883 Ρ.
836 833 1134 881 Burmannus
1167 828 1301 878 suam
1332 829 1600 881 edidissent.

478 898 597 948 1681
671 900 877 951 Minellii
901 897 985 948 HI.
1020 897 1248 947 Roterod.
1284 913 1357 958 ap.
1390 897 1584 946 viduam
1615 900 1724 948 Arn.
1755 900 1899 949 Leers.
1933 918 2006 949 12.

475 967 600 1016 1682
669 969 796 1017 Ruaei
822 967 896 1017 H:
931 967 981 1014 in
1014 964 1152 1013 usum
1179 963 1405 1027 Delphini
1427 965 1525 1029 (ob
1563 977 1810 1030 receptum
1838 969 1899 1018 N.
1921 967 2070 1017 Hein-
2111 1012 2121 1013 -

647 1035 720 1083 ··fii
752 1044 936 1083 textum
967 1050 1024 1082 ex
1053 1033 1128 1082 ed.
1177 1033 1300 1097 1676
1335 1033 1666 1095 praestantior)
1702 1036 1851 1102 Pariſs
1885 1054 1930 1096 4.

468 1118 469 1121 ’
670 1102 782 1154 Nic.
823 1103 1008 1151 Abrami
1042 1102 1233 1151 Comm.
1269 1100 1320 1148 in
1351 1100 1478 1163 Virg.
1509 1101 1638 1164 Opp.
1674 1101 1986 1168 Rothomagi.
2017 1102 2066 1154 8.

450 1169 566 1218 -168
577 1185 598 1234 3
672 1171 885 1218 Farnahii
913 1169 979 1219 VI
998 1207 1012 1230 ‚
1041 1185 1098 1218 ex
1127 1167 1274 1231 priori
1305 1166 1460 1230 aliqua
1489 1168 1652 1217 recusa
1675 1167 1803 1231 Lips.
1835 1188 1906 1220 12.

474 1236 603 1298 1684
671 1238 735 1288 N.
757 1239 932 1301 Heinfii
960 1237 1054 1298 IV,
1082 1253 1139 1285 ex
1167 1237 1269 1298 ejus
1300 1235 1370 1286 ΙΠ
1403 1252 1478 1286 an.
1520 1237 1659 1303 1676.
1679 1234 1832 1301 Lugd.
1857 1237 1910 1288 B.
1944 1238 2073 1302 typis

672 1306 773 1366 Jac.
806 1304 995 1356 Hackii.
1033 1306 1105 1354 16.

474 1371 595 1440 1685
666 1373 878 1422 Farnabii
924 1370 1024 1422 VH.
1064 1371 1209 1423 Arnst.
1249 1388 1321 1421 12.

674 1441 734 1490 N.
776 1441 953 1503 Heinsti
980 1439 1038 1489 V.
1073 1438 1215 1489 Amst.
1257 1456 1330 1488 12.

476 1507 602 1557 1686
672 1509 799 1557 Ruaei
834 1507 934 1566 ΙΙΙ,
977 1513 1111 1572 (rec.
1144 1523 1202 1555 ex
1237 1506 1323 1567 H)
1354 1507 1567 1556 Londini.
1608 1505 1655 1557 8.

475 1574 601 1624 1688
671 1576 733 1625 N.
770 1575 944 1639 Heinfii
980 1575 1046 1625 VI
1082 1581 1211 1641 (rec,
1244 1589 1302 1622 ex
1336 1573 1412 1622 ed.
1450 1574 1611 1638 1676)
1644 1590 1718 1637 ap.
1756 1575 1951 1641 Elzevir.
1989 1591 2062 1624 12.

467 1642 832 1692 w--AEneis
864 1658 909 1691 c·
939 1642 1053 1692 vers.
1091 1643 1252 1693 Germ.
1280 1641 1356 1706 Jo.
1385 1657 1414 1691 a
1445 1642 1653 1692 Zelzmen.
1683 1641 1807 1705 Lips.
1850 1659 1921 1695 12.

474 1711 602 1775 1690
671 1712 798 1759 Ruaei
837 1709 918 1759 IV.
956 1710 1096 1760 Amst.
1129 1728 1175 1772 4.

474 1778 600 1843 1692
671 1780 797 1826 Rucei
833 1778 889 1826 V.
921 1778 1037 1827 ibid.
1065 1796 1112 1839 4.

475 1846 595 1910 1695
671 1845 733 1894 N.
757 1845 932 1906 Heinfiz'
957 1845 1057 1894 VH
1076 1883 1092 1903 ,
1117 1859 1211 1893 rec,
1247 1843 1470 1893 Londini.

676 1912 803 1960 Ruaei
826 1910 894 1959 VI
913 1948 928 1971 ‚
958 1927 1051 1959 rec.
1082 1910 1302 1961 Londini.
1337 1928 1383 1969 4.
1410 1912 1546 1970 juxta
1570 1908 1760 1960 Amstel.
1789 1910 1925 1977 1692.

478 1978 604 2043 1696
673 1977 800 2027 Ruaei
829 1977 947 2037 VII,
977 1977 1176 2028 Parisma
1199 1976 1287 2026 III.
1327 1975 1370 2026 8.
1401 1992 1423 2041 3
1459 1974 1573 2025 voll.

476 2046 603 2111 1697
670 2045 873 2094 Minellii
916 2044 997 2095 IV.
1033 2043 1260 2093 Roterod.
1309 2061 1381 2091 12.

674 2113 803 2174 Virg.
833 2111 993 2173 Opera
1013 2111 1072 2159 ab
1096 2110 1195 2174 ipso
1224 2109 1433 2172 primum
1459 2107 1728 2169 edita,scil.
1756 2110 2079 2175 Epigramma-

675 2193 723 2227 ta
739 2217 754 2236 ,
772 2179 1013 2227 Poematia
1031 2216 1043 2235 ,
1062 2179 1437 2241 fragmenta—
1456 2192 1568 2224 curn
1590 2177 1861 2227 Comment.
1884 2181 1927 2227 8<
1946 2179 2081 2229 Obss.

676 2261 883 2309 cumque
914 2245 1181 2310 paraphrasi
1212 2244 1378 2294 Italico
1407 2255 1560 2292 metro
1582 2245 1869 2294 concinnata
1896 2245 1955 2295 ab
1982 2247 2079 2296 Oc-

676 2314 806 2363 tavio
825 2314 1091 2363 Scarlatino.
1112 2314 1354 2363 Bononiae.
1388 2312 1434 2361 P.
1455 2312 1608 2361 Maria
1625 2312 1684 2360 de
1696 2312 1962 2363 Montibus.
1988 2312 2073 2363 fol.

673 2382 833 2434 AEneis
869 2397 910 2431 c.
946 2379 1074 2431 Vers.
1108 2397 1253 2445 germ.
1288 2382 1333 2429 δε
1372 2379 1485 2442 figg.
1522 2380 1606 2429 Ge.
1640 2379 1740 2439 jac.
1770 2382 1901 2447 Lang
1925 2384 1967 2431 Sc
1991 2382 2078 2433 Ge.

677 2448 837 2512 Chph.
889 2450 1122 2498 Eimmart.
1172 2446 1504 2511 Norimbergae
1546 2466 1592 2509 4.
1635 2447 1747 2496 vide
1783 2448 1906 2497 inter
1935 2448 2070 2500 verff.

676 2517 834 2566 Germ.

480 2582 605 2649 1698
674 2583 859 2648 Virgilii
912 2583 1086 2646 Opera.
1137 2583 1288 2633 Henr.
1324 2582 1541 2632 Boeclerus
1585 2582 1830 2645 quondam
1876 2599 1934 2631 ex
1970 2583 2075 2634 MS.

673 2650 902 2702 Biblioth.
930 2653 1121 2715 Argent.
1155 2649 1393 2700 recensuit
1420 2652 1464 2699 &
1485 2650 1679 2699 Annott.
1702 2649 1751 2698 in
1776 2649 1946 2713 quibus
1971 2651 2074 2700 Ser-

672 2720 738 2769 vii
780 2719 1124 2770 Commentarii
1164 2718 1485 2780 illustrantur,
1528 2716 1861 2780 suppeditavit.
1933 2719 2075 2767 Ulmae

676 2804 754 2852 ap.
781 2788 855 2848 Jo.
883 2786 1078 2850 Wolfg.
1117 2787 1338 2836 Beverlin.
1372 2786 1420 2835 8.
1466 2785 1626 2835 Editio
1663 2785 1881 2847 postuma
1919 2801 2075 2846 neque

678 2854 838 2904 adhuc
869 2854 1087 2903 consulta
1126 2856 1171 2903 82,
1207 2855 1257 2902 in
1292 2852 1392 2916 ipsa
1435 2851 1839 2903 Boeclerianorum
1873 2868 2074 2915 operum

674 2923 944 2972 recensione
962 2961 977 2983 ,
1002 2937 1147 2985 quam
1166 2922 1206 2983 J.
1226 2923 1279 2972 A.
1298 2920 1540 2970 Fabricius
1557 2920 1825 2983 praefationi
1857 2920 2074 2983 Operum

680 2993 783 3051 ejus
810 2992 1000 3053 Argent.
1039 3007 1175 3053 1712.
1194 2990 1353 3039 Tomo
1373 2986 1661 3049 Linseruit,
1688 2989 1937 3037 omittitur.
1967 2987 2075 3036 Me·-

678 3067 891 3107 moratur
927 3057 977 3106 in
1016 3056 1166 3106 Catal.
1210 3054 1331 3106 Bibl.
1375 3072 1469 3118 reg.
1512 3055 1611 3104 Par.
1649 3056 1777 3105 Poet.
1814 3071 1860 3104 n.
1895 3053 1990 3116 872
2027 3056 2073 3104 Sc

681 3120 830 3175 Catal.
863 3123 984 3175 Bibl.
1020 3125 1072 3175 C.
1107 3124 1160 3174 G.
1189 3122 1730 3184 Schwarzii,Prof.Alt.
1763 3138 1807 3171 n.
1831 3120 1970 3190 1985.
