2165 3792
1135 73 1141 97 4

461 221 578 287 352
743 199 1205 259 NOTITIA
1249 200 1845 258 LITERARIA

659 330 920 382 mentarios
951 330 1142 397 (inepti
1170 329 1379 378 hominis
1421 346 1544 393 opus
1567 368 1582 390 ,
1612 347 1724 380 cum
1765 341 1893 383 totus
1923 334 1970 383 in
2004 351 2062 386 eo

663 401 750 460 fit,
779 408 833 447 ut
861 408 1057 461 poetam
1087 398 1150 449 ad
1185 397 1420 446 rhetorica
1457 408 1697 461 praecepta
1727 401 1916 465 exigat)
1949 403 2065 465 sed,

665 483 728 517 ex
763 465 921 529 Chph.
943 466 1137 515 Landini
1161 464 1474 528 professione,
1509 464 1567 513 ab
1599 466 1700 528 ipsi]
1734 468 1784 515 in
1817 471 2061 532 epitomen

657 536 947 584 contractos
997 533 1200 583 Landini
1236 549 1424 595 quoque
1457 534 1838 584 Commentarius
1870 553 1927 585 ex
1956 537 2063 586 Flo-

658 603 846 652 rentina
892 601 939 652 II
976 601 1201 664 repetitus
1244 601 1454 662 primum
1492 601 1706 663 jungitur
1742 618 1855 652 cum
1885 606 2065 667 Servii,

658 670 872 731 Donati,
907 672 951 718 &
985 668 1187 717 Domitii
1219 666 1458 716 Calderini
1491 670 1890 731 Commentarii83
1934 672 2062 721 unde

658 754 844 788 novum
876 751 1022 800 genus
1048 734 1320 783 editionum
1338 736 1583 796 procedit,
1616 753 1731 786 mox
1754 739 1860 787 Ant.
1879 741 2061 789 Manci-

655 807 782 855 nellii
812 806 862 853 in
888 804 1002 854 Bue.
1030 804 1074 850 δε
1106 802 1277 864 Georg.
1311 805 1665 852 commentariis
1700 821 1775 854 an.
1816 823 1940 872 1490
1970 805 2064 869 pri-

660 889 800 922 mum
835 869 977 919 editis
1020 869 1311 931 augendum.
1375 868 1504 918 Hinc
1541 871 1650 923 edd.
1690 872 1818 936 Virg.
1862 888 1973 922 cum
2010 873 2064 929 V,

659 938 959 990 Commentis
993 937 1053 986 ab
1087 953 1162 985 311.
1204 954 1328 1002 1494
1366 934 1396 986 l.
1435 952 1573 1002 1495.

449 1025 783 1075 -—-1491
823 1010 988 1055 Veneta
1007 1004 1123 1055 XIV
1157 1018 1286 1051 nunc
1315 1003 1410 1052 XV
1435 1004 1500 1051 est
1521 1020 1650 1054 mera
1676 1007 1896 1069 repetitio
1930 1009 2059 1072 prio-

653 1092 762 1125 rum
788 1075 1081 1124 Venetarum
1110 1087 1149 1119 c.
1183 1071 1387 1121 Landini
1420 1073 1464 1120 &
1493 1070 1695 1121 aliorum
1723 1077 2026 1130 commentis,

448 1145 515 1196 -ad
533 1162 583 1209 p.
614 1144 724 1195 286.
743 1158 818 1192 an.
855 1157 992 1208 1495.
1032 1140 1126 1190 Hic
1145 1155 1296 1188 annus
1321 1152 1492 1202 praeter
1515 1142 1720 1188 Venetam
1740 1142 1863 1191 XIX
1881 1181 1893 1202 Ἴ
1927 1160 2056 1192 nunc

654 1211 786 1269 XX,
810 1204 923 1258 tulit
963 1224 1154 1271 quoque
1189 1206 1332 1255 aliam
1380 1210 1612 1268 Venetam,
1638 1207 1778 1257 nobis
1815 1210 1942 1259 XXI
1974 1227 2059 1260 vo-

652 1279 894 1336 candam,
923 1293 1068 1339 quam
1106 1273 1404 1324 Bibliotheca
1435 1272 1884 1336 Regio-academica
1926 1278 2058 1327 Goet..

652 1345 876 1410 tingensis
906 1343 1134 1402 affervat,
1168 1359 1195 1391 3
1231 1342 1355 1390 Phil.
1383 1342 1544 1389 Pincio
1575 1345 1828 1392 Mantuano
1861 1345 2059 1408 impres-

649 1414 753 1464 sam
778 1415 848 1460 die
884 1413 1002 1461 VIII
1029 1412 1147 1476 Aug.
1175 1425 1374 1472 eamque
1404 1425 1586 1458 meram
1613 1411 1950 1473 repetitionem
1979 1413 2055 1461 su-

649 1482 894 1545 periorum
926 1480 1219 1528 Venetarum
1252 1493 1293 1526 e.
1324 1478 1366 1526 V
1396 1477 1692 1526 Commentis
1731 1480 1820 1527 &a
1855 1479 1930 1529 Est
1968 1481 2056 1544 igi-

651 1560 732 1598 tur
779 1565 834 1597 63
878 1547 1028 1595 Pincii
1070 1546 1249 1613 prima,
1298 1560 1444 1608 quam
1488 1544 1650 1595 secuta
1689 1545 1756 1594 est
1806 1563 1882 1596 an.
1927 1565 2052 1615 1499

649 1618 873 1666 Pinciana
907 1615 981 1672 ΙΙ,
1012 1615 1299 1662 Venetarum
1335 1628 1466 1661 nunc
1498 1613 1662 1663 XXII.

444 1701 726 1736 εγω-311.
773 1683 898 1750 1496
944 1681 1176 1745 Georgica
1218 1696 1331 1729 cum
1372 1680 1564 1730 Comm.
1610 1683 1761 1730 Herm.
1804 1682 2050 1730 Torrentini

647 1752 910 1801 Davcntriae
940 1768 986 1811 4.
1037 1751 1157 1811 Quae
1199 1749 1351 1812 prima
1395 1747 1538 1809 hujus
1584 1747 1860 1797 Commenti
1898 1749 2046 1798 editio

647 1820 856 1870 servatur
892 1818 943 1866 in
974 1816 1089 1866 bibl.
1123 1815 1189 1864 ill.
1218 1815 1456 1865 Brandefii
1489 1816 1781 1876 Hanoverae‚
1815 1818 1860 1865 δε
1884 1816 2049 1865 recusa

646 1888 714 1936 est
741 1886 858 1934 ibid.
900 1883 1041 1948 1498.
1072 1901 1119 1943 4.
1165 1883 1441 1932 Prodierant
1475 1882 1702 1931 Bucolica
1739 1898 1782 1930 c,
1829 1883 2047 1944 ejusdem

647 1954 841 2004 Comm.
873 1953 973 2012 jam
993 1967 1068 1999 311.
1105 1949 1228 2008 1488
1258 1951 1301 1998 Sc
1327 1966 1465 2013 1492.
1508 1949 1774 1998 Derventriae
1809 1967 1857 2009 4.

438 2037 723 2076 ῥ--υ-311.
767 2018 888 2086 1498
926 2019 1097 2079 Georg.
1137 2019 1182 2065 ok
1220 2016 1335 2064 Buc.
1366 2030 1407 2063 c,
1441 2016 1631 2064 Comm.
1666 2017 1829 2064 Herm.
1865 2020 2047 2065 Torren-

646 2089 732 2138 tini
768 2102 852 2149 per
886 2085 1154 2133 Richardum
1198 2083 1393 2147 Pafraet„
1437 2083 1695 2130 Davenrriae
1735 2102 1781 2144 4.
1824 2083 2046 2146 impressa

644 2156 797 2204 servat
823 2150 1122 2203 Bibliotheca
1158 2149 1506 2212 Goettingenfis.
1563 2148 1746 2199 Recusa
1784 2165 1897 2199 mox
1934 2150 2044 2200 sunt

646 2239 722 2273 an.
758 2237 882 2289 1500
924 2219 1134 2277 Colonia,
1162 2217 1277 2266 teste
1298 2216 1516 2267 Fabricio
1546 2216 1668 2267 Bibl.
1694 2216 1774 2268 lat.

445 2294 509 2342 ad
553 2309 663 2357 pag.
718 2289 829 2354 287.
889 2290 1052 2336 Veneta
1100 2285 1277 2346 XXII,
1328 2285 1481 2333 Pincii
1523 2285 1570 2334 II
1604 2285 1744 2351 (non
1780 2285 2039 2348 Pinciani)

648 2359 792 2408 etiam
831 2357 933 2417 ejus
965 2370 1166 2412 errores,
1192 2353 1378 2402 imitata
1408 2352 1472 2400 est
1498 2352 1713 2414 sequenti

442 2443 723 2477 ----311.
768 2440 892 2488 1500
928 2427 1092 2472 Veneta
1119 2421 1327 2481 XXIII,
1353 2436 1497 2483 quam
1527 2418 1580 2468 ill
1626 2420 1842 2484 Heynius
1889 2421 1950 2469 ad
1985 2420 2036 2468 h.

647 2513 692 2545 a.
714 2494 764 2541 in
788 2490 1035 2541 Addendis
1060 2489 1090 2538 1.
1110 2505 1154 2537 c.
1179 2506 1227 2552 p.
1255 2505 1349 2537 202
1369 2504 1427 2536 ex
1447 2487 1761 2550 descriptione
1785 2486 2039 2537 doctissimi

647 2564 729 2624 Jo.
774 2557 923 2610 Gottl.
963 2558 1208 2614 Lindneri‚
1243 2556 1455 2606 Re&0ris
1488 2556 1632 2620 Lycei
1668 2554 2038 2616 Arnstadienfis,

643 2631 709 2680 fic
738 2628 959 2691 designat.
1013 2625 1226 2691 Virgilius
1257 2641 1352 2672 cum
1383 2624 1705 2673 Commentariis
1739 2624 2028 2689 quinque——

643 2697 850 2750 ‘Veneriis
873 2715 902 2743 a
932 2693 1207 2742 Lucantom'o
1241 2692 1493 2739 Florentino
1520 2711 1564 2740 a.
1602 2707 1725 2758 1500
1749 2691 1818 2738 die
1842 2691 2040 2739 XXVII

644 2765 853 2831 Augusti.
900 2760 974 2812 Est
1010 2777 1066 2809 63
1095 2761 1385 2808 Venetarum
1424 2761 1551 2807 Lucae
1583 2758 1776 2806 Antonii
1807 2759 1951 2807 Juntae
1982 2757 2035 2815 I,

646 2835 785 2894 cujus
815 2829 1048 2880 editiones
1084 2842 1195 2876 cum
1227 2825 1593 2877 Commentariis
1625 2825 1875 2873 Variorum
1907 2841 2032 2873 anno

648 2916 802 2968 1519,
829 2914 953 2964 1532
978 2892 1051 2959 sq.
1084 2896 1206 2961 1536
1231 2895 1298 2957 sq.
1322 2897 1366 2943 &
1395 2893 1523 2956 apud
1550 2895 1650 2953 ejus
1683 2891 1880 2940 heredes
1910 2907 2033 2956 1542

641 2969 881 3031 prodiere,
909 2981 1022 3027 quas
1045 2963 1182 3026 supra
1205 2963 1417 3013 Juntinas
1433 2959 1618 3026 majores
1647 2959 1878 3017 diximus,
1900 2973 2030 3005 nunc

643 3051 758 3084 vero
791 3033 1194 3084 Veneto-funtinas
1218 3044 1388 3078 vocare
1420 3027 1673 3075 malumus.
1708 3028 1876 3088 Neque
1901 3025 2030 3072 enim

646 3101 756 3152 sunt
787 3100 1138 3152 confundendae
1170 3113 1282 3154 cum
1317 3094 1792 3147 Florentino-Iuntinis
1822 3091 1856 3143 s.
1891 3093 2027 3148 minof-
