2165 3792
484 220 626 275 DE
684 221 752 276 P.
812 219 1328 305 VIRGJLIJO.
1589 235 1709 298 319

321 348 444 415 1587
485 350 695 413 primum
722 347 861 396 editis
886 347 997 396 vide
1027 346 1167 410 supra
1186 350 1252 401 *ad
1280 349 1329 398 h.
1357 364 1396 397 a.
1432 349 1477 398 δι
1506 347 1568 398 cf.
1591 349 1708 398 Bur-

316 417 479 465 manni
512 417 641 480 praef.
675 415 736 464 ad
765 415 897 477 virg.
930 412 1014 462 fol.
1047 415 1300 465 XXXXX
1333 415 1378 465 b.

116 483 238 536 1601
316 484 659 534 commeliniana
694 480 770 531 II:
805 482 853 530 P.
881 482 937 530 V.
969 480 1042 530 M.
1080 482 1241 544 Opera
1265 497 1305 532 C.
1338 484 1561 548 Erythraei
1583 483 1712 532 indi-

315 567 384 601 ce.
417 568 475 600 ex
502 549 582 600 off.
609 547 896 599 Commelin.
928 547 974 597 8.
1005 547 1181 597 omissae
1211 548 1318 597 sunt
1337 550 1567 614 Erythraei
1594 550 1711 602 obff.

316 635 356 668 C.
386 636 432 668 n.
456 617 616 666 Paulli
637 619 772 665 Man.
805 618 849 666 Sc
881 616 964 666 Ge.
993 616 1201 665 Fabricii.
1242 616 1418 667 Gencv.
1453 618 1503 667 8.

316 685 537 749 Virgilius
563 685 612 732 in
652 682 786 732 locos
820 699 1101 732 communes
1135 683 1370 747 digestu3‚
1404 700 1516 733 cum
1549 686 1711 735 indice

314 754 372 804 ab
405 755 511 802 Ant.
538 751 693 801 Maria
723 751 856 817 Baffo
890 752 952 800 ad
987 767 1244 800 numerum
1271 751 1490 802 versuum
1516 769 1712 803 accom-

311 821 529 879 modato,
549 818 718 868 Colon.
742 819 934 883 Agripp.
960 818 1004 868 8.
1024 818 1158 868 Malo
1179 819 1372 868 confilio
1399 820 1558 869 Bassus
1587 822 1708 869 omi-

312 889 367 938 fit
402 886 753 937 observationes
783 886 952 950 paffim
979 887 1127 935 indici
1154 887 1351 936 insertas
1382 887 1551 952 easque
1576 887 1704 939 lectu

312 957 495 1019 dignas,

312 1022 763 1086 Virgilio-centones
793 1021 954 1071 Probae
983 1020 1219 1072 Falconiae
1245 1024 1478 1086 Hortinae,
1506 1024 1565 1074 ab
1587 1025 1714 1074 Aldo

315 1095 450 1141 Man.
496 1091 760 1153 recogniti,
796 1088 965 1139 Colon.
1012 1091 1119 1153 Agr.
1159 1091 1204 1139 8.

117 1156 241 1207 1602
311 1158 420 1210 Nic.
445 1159 679 1226 Ftischlini
712 1158 927 1220 Operum
958 1172 1062 1220 pars
1094 1156 1464 1221 periphrastica,
1486 1176 1578 1221 qua
1598 1174 1713 1206 con-

312 1228 525 1276 tinentur
559 1226 608 1276 P.
639 1226 695 1273 V.
739 1224 810 1274 M.
855 1224 1020 1275 Bucol.
1065 1241 1122 1274 ex
1161 1225 1328 1274 Plauto
1372 1229 1416 1275 Sc
1449 1226 1714 1287 Terentio,

315 1295 550 1357 Georgica
579 1309 636 1344 ex
673 1293 886 1353 Catone,
932 1293 1169 1354 Varrone,
1212 1293 1402 1343 Colum.
1441 1297 1485 1344 Sc
1523 1293 1712 1354 Plinio,

314 1362 527 1413 AEneidis
558 1360 610 1411 L.
651 1361 697 1410 II
736 1361 914 1424 priores
949 1377 1008 1409 ex
1042 1361 1205 1419 Livio,
1239 1361 1351 1411 Caes.
1396 1364 1441 1412 &a
1486 1362 1584 1411 Cic.
1621 1364 1711 1411 δίε.

314 1429 532 1480 Francos.
572 1429 631 1478 ad
662 1428 732 1478 M.
771 1428 898 1492 typis
925 1431 969 1477 ἃ
994 1427 1134 1477 sumt.
1165 1429 1238 1489 Jo.
1270 1428 1456 1492 Spiessii
1492 1432 1536 1479 δέ
1570 1428 1716 1478 here-

320 1499 437 1546 dum
466 1498 610 1548 Rom.
646 1497 792 1545 Beati.
836 1495 880 1544 8.
916 1495 977 1544 cf.
1006 1495 1142 1560 supra
1173 1514 1249 1546 an.
1291 1497 1429 1562 1580.

120 1561 240 1627 1603
320 1565 659 1613 Commelirziarza
686 1564 755 1613 '111
772 1579 921 1626 eaque
945 1564 1199 1626 primaria:
1231 1565 1279 1614 P.
1304 1565 1360 1613 V.
1383 1563 1455 1615 M.
1476 1564 1635 1627 Opera
1658 1579 1718 1613 ex

316 1633 436 1683 Cod.
455 1631 550 1682 Pal.
568 1630 889 1693 antiquiffimo
905 1647 962 1680 ex
979 1631 1060 1679 off.
1079 1631 1366 1682 Commelin.
1391 1631 1717 1698 (Heidelber-

316 1717 399 1763 gze.
422 1701 441 1761 )
463 1699 506 1748 8.
542 1700 765 1762 Repetita
793 1716 851 1748 ex
874 1698 898 1748 I
934 1716 1074 1766 1599,
1109 1716 1251 1762 quam
1278 1710 1443 1749 tamen
1472 1699 1603 1748 haud
1631 1717 1717 1763 op-

314 1769 431 1815 tima
469 1766 563 1815 fide
597 1766 842 1829 vulgatam
875 1767 1155 1829 pronuntiat
1194 1767 1403 1815 Allatius
1434 1768 1495 1816 ad
1530 1768 1718 1830 Antiqq.

317 1833 570 1884 Hetruscas
590 1850 637 1896 p.
669 1833 742 1899 58.
774 1834 992 1883 Eandem
1015 1834 1352 1883 correctiffimo
1387 1835 1547 1883 indice
1578 1852 1716 1885 orna-

314 1912 411 1950 tam
441 1900 606 1950 laudat
630 1899 850 1949 Barthius
884 1901 945 1950 ad
973 1901 1175 1950 Statium
1204 1902 1262 1951 T.
1292 1901 1344 1961 I,
1378 1918 1424 1964 p.
1459 1902 1570 1967 258.

314 1969 523 2019 Alberici
562 1968 756 2017 Gentilis
787 1968 1025 2018 Lectionis
1045 1970 1180 2018 variae
1208 1968 1479 2032 Virgilianae
1510 1969 1715 2019 libellus.

313 2038 538 2084 Hanoviae
569 2052 643 2097 ap.
686 2034 808 2083 Guil.
842 2037 1103 2085 Antonium.
1136 2036 1182 2086 8.
1228 2036 1465 2100 Inscripsit
1501 2036 1630 2086 hunc
1665 2038 1717 2086 li-

316 2101 498 2150 bellum
537 2102 749 2151 Roberto
788 2101 886 2150 filio
918 2113 1032 2149 tunc
1075 2105 1387 2164 undecenni3
1423 2104 1503 2167 qui
1538 2122 1563 2153 a
1604 2106 1718 2155 doc-

316 2169 514 2218 tioribus
561 2169 705 2217 etiam
743 2168 836 2231 legi
866 2179 1094 2219 meretur.

318 2238 541 2302 Erythraei
566 2237 640 2286 {X
660 2275 672 2296 ,
694 2237 924 2303 Sylbzcrgii
947 2237 1015 2286 ΠΙ
1036 2254 1046 2286 :
1076 2238 1236 2300 Opera
1266 2253 1306 2290 c,
1328 2237 1518 2287 scholiis
1551 2242 1595 2289 8.-
1614 2240 1715 2288 ind.

316 2306 377 2354 N.
408 2305 646 2369 Erythraei.
677 2307 858 2352 Hanov.
887 2305 1011 2368 typis
1035 2306 1229 2354 Weclzel.
1255 2304 1299 2354 8.
1331 2323 1390 2354 ex
1408 2306 1497 2356 VII
1530 2305 1560 2357 l.
1588 2308 1717 2357 Vlll.

319 2372 445 2435 Virg.
466 2370 662 2421 excusus
683 2386 722 2420 C.
753 2388 871 2420 varr.
904 2373 953 2419 in
988 2372 1130 2436 Corp.
1162 2384 1296 2436 poet.
1322 2372 1401 2423 lat.
1433 2374 1528 2424 vol.
1559 2375 1594 2426 I.
1628 2375 1719 2425 Ge-

316 2456 462 2488 nevae.
503 2454 604 2487 exc,
645 2440 772 2489 Sam.
804 2438 1060 2503 Crispinus.
1096 2441 1330 2506 4‚(Edit.
1369 2442 1446 2502 Ι.)

116 2507 245 2566 1604
314 2507 678 2573 R.1plzeletzgiafz.z
703 2507 748 2555 Π
766 2545 778 2567 ,
807 2523 864 2555 ex
897 2507 979 2556 off.
1008 2506 1224 2556 Plautini.

318 2576 511 2621 Pontani
545 2573 881 2638 Symbolarum
916 2579 1006 2624 &Q
1042 2576 1190 2624 editio
1218 2592 1275 2625 ex
1306 2575 1387 2625 illa
1424 2591 1547 2645 1599
1581 2592 1712 2641 repe-

315 2642 401 2690 tita
428 2643 634 2707 Lugduni
664 2658 740 2705 ap.
768 2643 843 2702 JO.
876 2643 1114 2690 Pillelzotte
1135 2682 1147 2703 ‚
1180 2643 1260 2693 fol.

119 2708 239 2774 1605
314 2708 473 2772 Chph.
506 2711 699 2757 Latzdini
747 2708 1091 2774 Allegoriarum
1134 2711 1182 2759 in
1220 2710 1476 2776 Virgilium
1504 2711 1615 2761 libri
1653 2710 1715 2761 II.

317 2776 476 2826 Aurel.
516 2776 694 2826 Allobr.
731 2795 802 2829 12.

119 2841 242 2892 1608
317 2845 656 2893 commeliniana
679 2844 744 2894 IV
762 2882 775 2905 ,
811 2861 870 2894 ex
899 2845 968 2895 ΠΙ
998 2845 1177 2896 recusa.
1209 2844 1256 2896 8.

318 2911 366 2959 P.
401 2911 464 2960 V.
503 2912 574 2964 Μ.
603 2928 644 2960 c.
680 2911 871 2961 scholiis
904 2913 978 2972 Jo.
1011 2930 1037 2962 a
1072 2916 1253 2978 Meyen.
1291 2914 1512 2964 Francos.
1537 2914 1584 2964 8.

321 2978 366 3026 P.
407 2978 465 3026 V.
494 2979 565 3029 Μ.
591 2979 756 3030 Bucol.
795 2982 838 3029 δε
878 2980 1047 3045 Georg.
1080 2984 1401 3044 argumentis,
1433 2981 1716 3046 explicatio-

316 3044 455 3093 nibus
490 3048 534 3095 &
562 3048 686 3095 notis
721 3047 944 3097 illustrata
974 3066 1000 3097 a
1029 3048 1103 3110 Jo.
1135 3049 1254 3100 Luci.
1280 3054 1330 3100 de
1348 3051 1393 3100 la
1423 3053 1586 3111 Cerda,
1617 3049 1727 3101 To·-

318 3110 495 3167 letanO.
524 3116 731 3165 Madriti.
757 3114 842 3166 fol.
