2165 3792
778 167 1151 223 CIRIS.

171 299 281 355 Non
305 315 450 353 metus
470 294 701 352 incensam
726 297 882 374 potuit
906 295 1106 353 retinere
1129 301 1353 355 Deorum.

171 387 343 445 Omnia
364 386 505 445 vincit
527 409 684 444 amor:
712 385 821 465 quid
847 386 970 443 enim
995 410 1091 443 non
1116 386 1326 444 vinceret
1348 389 1461 447 ille?

169 482 273 536 Nec
296 477 406 535 mihi
429 478 514 552 jam
539 475 702 556 pingui
726 477 950 534 sudabunt
972 499 1182 556 tempora
1209 477 1423 555 myrrha,

171 569 387 626 Pronuba
411 591 494 624 nec
520 569 662 623 castos
687 569 911 624 accendet
935 567 1069 646 pinus
1094 570 1266 625 odores
1284 612 1299 635 ,

167 663 271 717 Nec
296 659 431 737 Libys
459 658 639 736 Affyrio
663 657 886 715 sternetur
908 658 1098 716 leetulus
1131 660 1272 717 ostr0.

169 756 342 831 Magna
366 774 569 829 queror:
598 774 683 808 nec
710 750 759 808 δι
782 750 860 807 illa
884 751 1070 828 quidem
1096 751 1351 810 communis
1375 751 1554 810 alumna

166 843 398 902 Omnibus
422 841 589 919 injefihl
617 842 752 898 tellus
779 840 1020 899 tumulabit
1043 865 1193 900 arena.

165 939 316 993 Mene
343 935 461 992 inter
483 934 678 991 comites
694 979 709 1002 ‚
731 932 1091 1013 ancillarumque
1119 954 1322 992 catervas

165 1029 317 1083 Mene
340 1025 449 1084 alias
470 1024 589 1081 inter
608 1067 622 1089 ,
646 1023 914 1080 famularum
938 1044 1126 1079 munere
1149 1022 1315 1102 fungi,

166 1114 400 1194 Conjugis
421 1135 558 1193 atque
583 1133 674 1170 tuae
693 1158 706 1181 ,
730 1134 1018 1191 quaecunque
1040 1110 1127 1168 erit
1148 1112 1224 1168 illa
1239 1157 1254 1178 ‚
1280 1113 1425 1170 beatae

163 1208 277 1263 Non
298 1206 430 1262 licuit
456 1204 674 1284 gravidos
700 1203 846 1281 penso
869 1203 1121 1260 devolvere
1142 1202 1306 1262 fusos?

162 1307 228 1356 At
245 1299 356 1354 belli
382 1298 538 1354 saltem
562 1296 783 1375 captivam
809 1296 916 1372 lege
939 1295 1154 1353 necaffeS.

165 1394 257 1448 ,lam
283 1390 406 1447 fessae
431 1390 611 1447 tandem
635 1387 818 1466 fugiunt
838 1390 896 1444 de
921 1411 1125 1467 corpore
1149 1386 1270 1445 vires
1288 1434 1305 1458 ,

167 1487 227 1540 Et
248 1503 381 1560 caput
406 1481 574 1538 inflexa
596 1481 770 1536 lentum
797 1480 976 1537 cervice
1001 1481 1255 1537 recumbit:

164 1575 434 1638 Marmorea
453 1568 751 1646 adduflisque
770 1569 1002 1626 labascunt
1027 1569 1207 1627 brachia
1235 1571 1387 1628 nodis,

159 1669 413 1742 AEquoreae
435 1663 579 1741 pestes
600 1707 615 1729 .,
640 1660 851 1718 immania
875 1684 1078 1740 corpora
1102 1661 1272 1729 Ponti,

157 1755 382 1833 Undique
406 1752 725 1819 conveniunt,
748 1753 796 1810 &
822 1753 987 1831 glauco
1013 1753 1057 1809 in
1082 1754 1267 1832 gurgite
1291 1754 1461 1813 circum

157 1847 367 1904 Verbere
389 1847 630 1904 caudarum
656 1866 791 1923 atque
817 1845 909 1903 oris
933 1844 1202 1902 minitantur
1225 1845 1368 1902 hiatu.

155 1943 252 1998 Jam
273 1937 456 1995 tandem
480 1937 602 1993 casus
626 1935 865 1993 hominum
883 1980 899 2002 ‚
926 1936 1012 2012 jam
1039 1935 1245 2014 respice,
1269 1937 1449 1993 Minos.

158 2029 227 2088 Sit
253 2029 354 2086 satis
374 2029 466 2086 hoc
484 2074 498 2096 ‚
521 2046 695 2085 tanturn
722 2027 866 2084 solam
896 2027 1058 2085 vidisse
1079 2028 1334 2086 malorum:

158 2123 250 2180 Vel
273 2121 369 2188 fato
396 2119 533 2176 fuerit
562 2119 696 2176 nobis
718 2119 815 2176 haec
837 2121 991 2177 debita
1013 2119 1144 2198 pestis
1161 2167 1176 2189 ‚

158 2213 250 2270 Vel
273 2212 372 2269 casu
395 2211 589 2290 incepto
609 2253 623 2276 ‚
648 2210 806 2267 merita
830 2211 904 2268 vel
926 2210 1127 2289 denique
1154 2211 1305 2290 culpa.

157 2303 331 2362 Omnia
356 2324 456 2359 nam
477 2300 633 2378 potius
653 2347 668 2368 ,
688 2324 822 2378 quam
843 2321 887 2358 te
911 2301 1066 2359 laefiffe
1085 2346 1098 2367 .,
1122 2303 1318 2381 putabo,

241 2392 423 2450 Labitur
446 2390 621 2446 interea
645 2391 857 2447 revoluta
881 2392 937 2448 ab
959 2393 1099 2449 litore
1123 2393 1261 2450 claffis
1278 2437 1295 2460 ,

154 2490 329 2561 Magna
355 2482 602 2560 repentino
626 2480 852 2538 sinuantur
876 2481 1019 2538 lintea
1047 2487 1180 2539 Coro
1201 2524 1216 2547 ‚

157 2576 376 2634 Flectitur
398 2575 443 2631 in
472 2571 607 2629 viridi
634 2595 782 2629 remus
805 2571 895 2628 sale
914 2615 930 2639 .,
954 2571 1168 2651 languida
1192 2571 1316 2629 feffae

155 2667 365 2748 Virginis
388 2667 430 2723 in
457 2665 586 2722 cursu
609 2664 804 2721 moritur
825 2663 1116 2742 querimonia
1136 2663 1307 2739 longo.

153 2759 341 2819 Deserit
362 2757 559 2838 angustis
577 2755 799 2814 inclusum
821 2755 1022 2813 faucibus
1048 2754 1246 2812 Isthmon
1265 2799 1281 2819 ‚

155 2850 425 2930 Cypselidae
444 2848 598 2927 magni
623 2846 839 2905 florentia
862 2869 1005 2923 regna
1027 2844 1271 2902 Corinthi:

153 2938 364 2998 Praeterit
385 2939 594 3016 abruptas
622 2934 826 2992 Scironis
853 2934 1060 3013 protinus
1083 2956 1242 3004 arce5‚

154 3032 464 3108 infestumque
492 3029 578 3086 suis
603 3027 714 3085 dirae
739 3023 976 3085 testudinis
998 3024 1092 3084 exit
1124 3063 1129 3070 ι

275 3128 534 3201 Virgilius
574 3125 637 3179 T.
674 3127 754 3183 ΙΙ.
1369 3121 1411 3175 C

1697 183 1767 243 33

1660 690 1769 734 ⁴40

1658 1133 1767 1185 445

1654 1598 1767 1650 450

1650 2057 1756 2108 455

1646 2495 1762 2556 460

1641 2948 1755 3020 465
