2165 3792
461 215 574 276 280
715 212 1161 272 NOTITIA
1206 210 1817 269 LITERARIA

658 345 721 396 cf.
751 347 916 395 Burius
949 345 999 393 in
1030 342 1255 409 Bibliogr
1287 343 1555 394 instrudtiva
1591 359 1639 392 n
1668 343 1798 411 2659
1831 343 1916 395 ubi
1945 361 2050 395 eam

649 414 915 477 principem
950 412 1041 461 effe
1070 423 1274 476 putarat.

460 508 577 559 1471
653 491 872 543 Romana
909 489 976 540 IV
1003 518 1090 528 —-
1115 490 1273 553 Opera
1290 487 1508 556 (Bucol
1541 488 1623 538 Ge
1651 487 1764 537 AEn.
1786 462 1898 536 cum
1929 487 2054 538 XIII

658 558 787 608 libro
803 557 1013 621 Maphaei
1039 559 1197 622 Vegii)
1217 556 1251 606 s.
1281 556 1312 606 1.
1340 557 1508 607 Romae
1531 571 1615 619 per
1635 556 1885 614 Adamuriz,
1908 570 2053 617 quem

658 627 883 676 Adamum
913 629 1003 675 Rot
1039 623 1177 672 fuiffe
1201 623 1344 687 vulgo
1368 640 1454 687 put
1436 632 1552 673 t.ant
1581 621 1665 671 fol.
1704 621 1886 672 Exstitit
1914 623 1964 670 in
1984 621 2055 670 bi-

658 692 903 743 bliotheca
934 690 1313 741 Uffenbachiana
1345 692 1469 740 inter
1512 687 1801 740 incunabula
1835 689 1944 738 artis
1982 700 2057 751 ty

657 775 797 825 pogr.
833 776 879 806 n.
923 758 1096 817 XVII,
1140 757 1287 806 editio
1327 756 1429 807 haec
1466 757 1740 807 nitidiffima
1784 759 1828 806 δε
1874 756 2057 821 magni-

659 828 779 888 fica,
810 826 860 874 in
884 827 1020 886 cujus
1048 823 1142 873 fine
1171 822 1395 887 leguntur
1431 824 1589 875 versus
1622 825 1900 889 sequentes:

692 935 1011 986 MINCIADAE
1041 933 1275 998 quiconque
1298 934 1416 996 cupit
1449 936 1691 1000 cognoscere
1721 935 1900 983 VATIS

696 1002 927 1052 Carmina:
947 1003 1028 1067 seu
1056 1001 1251 1065 quisquis
1274 999 1418 1050 VEGI
1438 1003 1486 1064 s
1466 1002 1573 1047 mul
1597 1016 1717 1076 optat
1736 1003 1913 1049 habere.
1905 1019 1916 1029 ·

697 1071 780 1117 Me
804 1069 948 1133 legat.-
975 1082 1052 1115 aut
1070 1066 1237 1133 fratres
1254 1083 1397 1131 parvo
1419 1070 1638 1133 numerosa
1659 1068 1887 1133 juventus.

701 1140 810 1185 Uno
836 1137 973 1182 eodem
961 1152 1054 1199 tque
1080 1136 1234 1201 sumus
1265 1134 1391 1198 preffi'
1371 1136 1636 1201 isesquique
1667 1135 1840 1200 locoque

692 1204 878 1253 NonSo
881 1204 1046 1250 lomon:
1063 1220 1194 1266 neque
1209 1202 1395 1265 Hyrafz,
1408 1220 1491 1249 non
1504 1202 1748 1248 Daedalus:
1761 1216 1887 1267 atque
1899 1199 2058 1266 Sibyla

700 1271 871 1318 Gracia
894 1287 978 1316 non
1009 1287 1173 1327 omnis,
1191 1269 1468 1333 sapientibus
1485 1269 1656 1333 inclyta
1682 1286 1927 1335 quanquam

697 1339 807 1386 Non
829 1337 963 1384 armis
991 1340 1189 1384 Romana
1212 1351 1368 1401 potens
1395 1354 1496 1401 aequ
1487 1339 1685 1401 mdaque
1717 1338 1860 1384 Divis

697 1404 854 1452 Gloria
878 1403 1070 1470 jaflavit
1105 1403 1188 1451 tali
1208 1405 1301 1468 sse
1329 1419 1419 1452 arte
1448 1406 1655 1454 decoram.

700 1472 805 1520 Nos
835 1472 972 1535 igitur
985 1470 1152 1537 peperit
1179 1486 1344 1535 patrem
1379 1473 1454 1536 qui
1481 1473 1649 1520 nomine
1675 1474 1864 1535 primum

692 1539 886 1589 Rettulit
912 1538 1024 1586 alter
1048 1540 1164 1587 ADA
1174 1549 1254 1587 Nl:
1257 1539 1436 1603 formis
1458 1557 1566 1604 quos
1587 1538 1712 1606 preff
1710 1554 1727 1587 t
1752 1539 1927 1588 alienis.

664 1647 727 1697 cf.
754 1648 939 1696 Burium
962 1648 1013 1695 in
1044 1645 1289 1711 Blibliogr.
1312 1648 1439 1698 instr.
1469 1664 1518 1698 n.
1549 1647 1691 1698 2660.
1722 1650 1766 1698 &
1792 1648 1989 1696 Lairium
2009 1645 2060 1696 in

666 1716 806 1777 SpeC.
841 1725 1027 1779 typogr.
1057 1715 1199 1765 Rom.
1226 1733 1274 1778 p.
1313 1716 1418 1782 169.

465 1782 930 1844 -—--—-Opera
952 1782 1105 1848 (Buc.
1142 1782 1226 1831 Ge.
1242 1782 1349 1832 AEn.
1380 1798 1419 1833 c,
1443 1782 1564 1833 libro
1595 1783 1720 1833 XIII
1748 1780 1917 1846 Maph.
1944 1782 2067 1846 Veg.

671 1847 857 1906 Culex,
892 1850 1044 1908 Dirae,
1075 1848 1206 1911 Copa
1227 1886 1241 1908 ‚
1274 1849 1349 1898 Est
1383 1851 1428 1897 ἅ
1462 1851 1606 1908 Non,
1629 1850 1697 1901 de
1717 1849 1877 1911 Rofis,
1903 1848 2064 1898 More-

665 1926 773 1965 tum
812 1917 856 1965 &
890 1915 1145 1978 Priapeja)
1183 1914 1215 1963 s.
1246 1913 1276 1963 I.
1315 1917 1361 1964 δε
1392 1916 1713 1979 typographo.
1753 1916 1840 1965 fol.
1883 1916 2065 1966 Editio-

665 1999 780 2032 nem
808 1983 1102 2046 praestantem
1141 1984 1185 2031 ἅ
1216 1981 1418 2031 nitidam
1450 1981 1662 2045 appellat
1694 1985 1860 2033 Burius
1891 1983 1922 2033 1.
1951 2000 1992 2034 c,
2014 2000 2063 2036 n.

668 2051 792 2100 2661
813 2089 831 2109 ,
866 2065 1067 2113 eamque
1102 2049 1247 2112 priori
1275 2048 1345 2097 illi
1374 2049 1663 2099 simillimam
1696 2050 1755 2099 ab
1787 2052 1961 2100 eodem
1992 2067 2065 2099 ar-

667 2117 826 2176 tifice‚
855 2116 972 2178 sed,
1016 2115 1080 2164 ob
1125 2115 1356 2164 diversam
1396 2115 1749 2181 orthographiae
1798 2119 2066 2180 rationem,

667 2200 725 2233 ex
753 2183 846 2233 alio
872 2183 1132 2247 exemplari
1167 2182 1452 2247 descriptam
1477 2183 1568 2232 effe
1593 2184 1843 2236 existimat.

666 2264 851 2314 Veneta
881 2264 928 2314 Π
948 2283 959 2316 :
981 2294 1074 2302 --
1097 2263 1269 2325 Opera.
1312 2264 1506 2313 Veneriis
1524 2300 1539 2324 ‚
1571 2262 1657 2314 fol.

668 2333 850 2381 Servius
872 2332 922 2380 in
954 2330 1221 2395 Virgilium.

662 2399 737 2449 Ita
759 2398 984 2462 leguntur
1016 2399 1066 2447 in
1096 2397 1244 2448 CataI.
1272 2396 1393 2447 Bibl.
1428 2398 1544 2462 Reg.
1574 2397 1710 2447 Paris.
1743 2401 1929 2464 (Belles
1960 2402 2061 2448 Let-

663 2482 748 2515 tres
774 2466 817 2514 δ’
849 2468 1044 2530 Foetes)
1075 2483 1123 2516 n.
1164 2465 1259 2517 808
1295 2467 1340 2516 &
1366 2465 1480 2532 809.
1518 2464 1752 2515 Videntur
1784 2467 1927 2531 igitur
1964 2484 2058 2516 una

667 2533 880 2597 expressi.

666 2602 888 2650 Servius
875 2619 926 2650 m
949 2600 1231 2665 Virgilium,
1251 2619 1278 2651 a
1315 2603 1505 2650 Carbone
1525 2604 1788 2660 correstus
1818 2604 1862 2652 Sc
1887 2618 1913 2650 a
1942 2603 2064 2651 clm·-

655 2670 856 2736 stoplzoro
886 2669 1166 2736 (Baldarfer
1183 2671 1204 2736 )
1235 2670 1548 2733 Ratisponenfi
1567 2669 1808 2734 (Venetiis
1827 2669 1847 2726 )
1866 2668 2062 2732 impres-

655 2728 740 2785 sus
774 2737 1044 2785 recensetur
1077 2735 1291 2801 Orlando
1328 2736 1461 2798 Orig.
1496 2737 1541 2785 ὃς
1571 2752 1729 2799 progr.
1757 2735 1878 2785 della
1906 2735 2060 2788 Stam-

660 2821 750 2881 pa‚
769 2804 1028 2854 Maittairio
1053 2806 1171 2855 Ann.
1189 2814 1289 2868 typ.
1305 2803 1363 2853 T.
1389 2804 1440 2865 Ι,
1459 2821 1505 2867 p
1530 2819 1635 2868 303.
1667 2802 2059 2868 &Hambergero

661 2871 711 2919 in
732 2873 869 2921 notit.
901 2872 1088 2935 Scriptt.
1117 2869 1371 2921 vernacule
1397 2872 1527 2920 edita
1554 2871 1693 2921 Tom.
1719 2871 1768 2929 I,
1794 2888 1841 2935 p.
1878 2889 1960 2939 501
1990 2871 2055 2933 sq.

662 2949 843 2996 Servius
868 2950 1063 2999 Maurus
1095 2951 1390 3000 Honoratus.
1424 2950 1807 2999 Commentarius
1835 2949 1884 2997 in
1907 2950 2058 3012 Virgi-

660 3014 795 3064 lium.
832 3016 865 3067 s.
897 3015 927 3064 l.
962 3016 1044 3068 fol.
1081 3017 1140 3067 ab
1174 3017 1347 3067 eodem
1381 3015 1685 3080 typographo
1723 3018 1895 3066 eodem
1928 3032 2073 3069 anna>

659 3083 854 3146 excufa3
884 3083 966 3134 sed
1001 3101 1059 3136 ex
1086 3084 1291 3139 versibus
1321 3083 1406 3134 sub
1436 3084 1585 3135 finem
1608 3083 1876 3148 subscripti-s
1906 3082 2051 3133 intelv
