2165 3792
388 214 528 296 ³368
675 213 813 271 No
838 209 1130 269 TJTJA
1171 214 1407 272 LITE
1431 215 1753 272 RARJA

412 575 551 629 5961
608 558 832 609 Polonica
859 560 1071 610 AEneidis
1099 560 1246 608 verfio
1270 560 1467 610 Andreae
1500 562 1828 610 Kochanowski
1853 560 2021 611 Craco

610 628 716 677 viae
731 628 903 677 excusa
930 645 1068 695 1590.
1091 627 1313 690 sacraque
1332 628 1583 677 rariflima·
1573 629 1869 692 ,pariterque
1887 641 2016 679 rara.

413 703 540 764 1614
608 702 852 753 Valentini
877 705 1092 753 Otwinou
1094 704 1167 750 sla·
1196 704 1541 767 Georgicorum
1560 705 1735 755 verfio.
1763 721 1867 768 quae
1896 714 2020 753 utra-

611 787 704 833 que
743 771 903 820 denuo
942 770 1124 831 prodiit

391 853 581 906 .17ςς
613 854 725 887 cum
769 854 894 886 nova
935 835 1273 885 Bucolicorum
1318 838 1563 900 versione,
1606 843 1651 890 Sc
1694 839 1789 887 vita
1833 837 2021 902 Virgilii

612 905 844 956 Polonico
880 904 1096 953 sermone
1137 904 1323 982 plenius
1362 904 1568 969 scripta,
1606 909 1650 956 ὃς
1680 905 1893 957 Zaluskii
1927 907 2020 956 Co-

615 974 749 1021 mitis
769 1011 783 1033 ,
816 973 984 1035 Magni
1016 973 1148 1035 regni
1185 971 1282 1022 Pol.
1321 973 1683 1032 Referendarii,
1714 972 2020 1025 Bibliotheca

610 1053 864 1105 poetarum
909 1040 1234 1100 Polonorum,
1262 1041 1342 1102 qui
1381 1041 1535 1103 patrio
1576 1040 1793 1090 sermone
1820 1041 2024 1104 scripse-

615 1120 729 1157 runt
747 1146 761 1168 ,
787 1107 1033 1157 Varsoviae
1063 1109 1191 1170 apud
1223 1109 1380 1157 Patres
1399 1109 1585 1171 piarum
1603 1107 1876 1157 scholarum
1894 1109 2020 1159 sum-

615 1175 747 1226 tibus
778 1174 1055 1241 bibliopolae
1089 1175 1205 1239 regii
1240 1176 1290 1224 in
1324 1174 1607 1226 Marceville
1639 1174 1873 1227 Nicolaei.

787 413 1639 473 PoL‘ONICAE.
1775 286 2165 671 ²

2152 678 2165 714 2

947 1357 1466 1416 GRAECAE.

681 1522 972 1575 Bucolicain
1007 1524 1227 1575 Graecum
1263 1522 1532 1572 sermonem
1574 1522 1793 1575 transsata
1829 1525 2023 1574 aut-”tore

612 1589 735 1643 Dan.
767 1591 997 1640 Alswortlz
1024 1591 1174 1656 Anglo
1194 1631 1207 1653 ‚
1237 1592 1519 1654 prodierunt
1546 1591 1711 1641 Romae
1742 1610 1883 1658 1594.
1913 1592 2026 1642 dein

616 1657 783 1708 recusa
810 1659 989 1708 Parmae
1024 1677 1162 1727 1779.
1202 1675 1297 1707 una
1331 1675 1443 1708 cum
1468 1659 1730 1710 Theocrito
1750 1698 1763 1721 ‚
1789 1659 2029 1722 Moscho,

624 1727 776 1778 Bione
813 1728 904 1776 &a
935 1727 1034 1776 vid.
1066 1729 1189 1777 inter
1223 1727 1333 1784 edd„
1363 1727 1410 1776 h.
1450 1744 1492 1776 a.

687 1794 936 1843 Pollionem
966 1795 1128 1844 Graeca
1149 1792 1434 1857 metaphrasi
1463 1796 1698 1845 donatum
1730 1795 1884 1844 edidit
1907 1794 1942 1844 F
1947 1795 2025 1844 ed.

619 1861 872 1920 Morellus‚
909 1861 1049 1910 Paris,
1078 1862 1219 1927 1580.
1245 1882 1290 1921 4.

689 1929 870 1976 Gallum
897 1927 1076 1976 Dorico
1110 1928 1326 1975 carmine
1357 1928 1678 1977 reddiderunt
1705 1927 1802 1989 Jos.
1830 1929 2030 1994 Scaliger

622 1997 667 2044 &
696 1994 819 2043 Dan.
859 1995 1089 2057 Heinfus
1141 1995 1351 2056 Utraque
1381 1994 1692 2056 metaphrafis
1731 1996 1940 2044 occurrit
1975 1996 2028 2045 in

624 2061 891 2113 Theocrito
927 2060 1124 2111 Heinfii.

690 2130 904 2195 Georgica
942 2129 1106 2178 Graeco
1137 2128 1347 2176 carmine
1380 2128 1531 2190 Epico
1572 2128 1836 2178 donaverat
1870 2130 2028 2179 Arria-

620 2214 705 2244 nus
745 2196 943 2258 quidam
984 2207 1161 2260 poeta,
1188 2196 1333 2245 Suida
1378 2196 1521 2257 teste3
1564 2198 1694 2259 quod
1732 2198 1923 2261 pridem
1955 2198 2029 2246 in

621 2263 829 2313 tei-cidit.

694 2332 764 2380 De
785 2331 1011 2379 AEneidos
1027 2341 1160 2395 parte
1179 2331 1229 2379 in
1253 2331 1471 2381 Graecum
1498 2331 1630 2381 versa
1647 2332 1711 2381 est
1739 2335 1871 2398 apud
1893 2335 2026 2399 Hug.

627 2399 854 2449 Grotium
882 2399 1025 2461 Epist.
1061 2400 1169 2465 576
1196 2399 1256 2447 ad
1280 2399 1473 2448 Gallum
1501 2399 1676 2449 Voifin.

701 2468 870 2515 Moret‘
856 2486 871 2514 ι
894 2468 1057 2516 Graeca
1089 2465 1397 2529 metaphrafis
1416 2467 1511 2528 Jos.
1541 2469 1754 2535 Scaligeri
1781 2470 1901 2519 inter
1928 2472 2030 2531 eJ‘uss

624 2534 821 2585 Poemat
826 2552 850 2584 a
872 2535 1108 2598 occurrit,
1135 2534 1195 2585 ab
1225 2538 1417 2585 auctore
1436 2533 1598 2587 oblata
1623 2537 1745 2589 Petr.
1775 2537 2019 2591 Ronsardo

627 2618 670 2652 a.
716 2604 805 2672 156
815 2621 855 2672 3
934 2660 937 2664 ,
