2165 3792
474 222 554 302 ‘96
953 217 1681 279 M.MANILII

475 350 697 431 Scorpios
717 394 732 417 ,
756 346 805 411 Sc
826 372 953 432 partu
977 354 1270 433 complentes
1294 377 1482 433 aequora
1506 355 1672 412 Pisces,

472 446 566 501 Sed
586 443 742 501 sterilis
764 444 914 524 Virgo
936 444 1000 502 est
1016 490 1032 510 .,
1055 444 1186 502 simili
1210 438 1456 522 conjunsla
1479 446 1656 504 Leoni:

472 537 577 592 Nec
598 534 754 613 capit,
777 554 855 592 aut
879 555 1040 614 captos
1067 536 1263 592 effundit
1285 537 1508 615 Aquarius
1535 557 1678 596 ortus.

469 629 594 682 Inter
614 645 858 704 utrumque
881 643 1035 684 manet
1057 624 1370 704 Capricornus
1396 648 1600 705 corpore
1627 624 1809 694 mixt0‚”

471 718 533 773 Et
555 717 632 795 qui
657 736 882 776 contento
907 718 1058 796 fulget
1081 721 1342 774 Centaurus
1367 717 1413 774 in
1437 741 1541 775 arcu
1563 743 1574 772 :

472 809 843 889 Communisque
869 810 996 866 Aries
1019 829 1276 888 aequantem
1306 832 1515 889 tempora
1541 809 1717 867 Libram
1736 852 1753 875 ‚

470 902 529 957 Et
554 900 781 967 Geminos
801 944 815 964 ‚
835 903 1133 978 Taurumque
1154 900 1247 978 pari
1268 902 1349 958 sub
1370 901 1492 958 sorte
1513 900 1743 959 recenset.

552 996 654 1048 Nec
675 1011 723 1048 tu
743 991 867 1048 nulla
887 1008 1019 1070 putes
1042 989 1088 1046 in
1116 1012 1176 1047 eo
1203 1007 1438 1048 momenta
1465 991 1637 1049 locaffe

470 1087 694 1142 Naturam
720 1107 908 1153 reruu‘ss,
934 1082 1061 1161 quod
1086 1081 1189 1139 sunt
1211 1083 1439 1140 currentia
1463 1086 1704 1162 quaedam3

469 1183 538 1237 Ut
557 1183 653 1237 Leo
679 1177 728 1236 ἃ
750 1176 1022 1234 Arcitenens
1039 1218 1055 1242 ‚
1084 1175 1307 1254 Ariesque
1330 1174 1375 1232 in
1401 1196 1574 1233 cornua
1599 1193 1767 1236 tortus:

469 1279 565 1328 Aut
589 1293 692 1349 quae
717 1268 838 1326 resia
865 1267 952 1324 suis
978 1266 1203 1324 librantur
1229 1265 1383 1324 stantia
1409 1267 1625 1324 membris
1643 1314 1658 1337 ‚

469 1366 536 1420 Ut
558 1362 707 1441 Virgo
734 1362 781 1420 ἃ
806 1359 997 1418 Gemini
1015 1397 1032 1426 -‚
1057 1359 1252 1417 fundens
1276 1359 1324 1417 δέ
1351 1359 1576 1438 Aquarius
1597 1361 1760 1419 undas.'

469 1453 561 1510 vel
584 1475 687 1531 quae
709 1452 817 1508 sessa
843 1451 1036 1516 sedent,
1062 1449 1215 1528 pigras
1241 1448 1487 1506 referentia
1511 1469 1716 1517 mentes-3

466 1548 644 1603 Taurus
671 1542 893 1624 depositis
919 1542 1050 1599 colio
1078 1540 1258 1620 sopitus
1279 1540 1435 1597 aratris
1455 1583 1470 1607 ‚

468 1638 603 1696 Libra
627 1638 707 1695 sub
728 1633 925 1692 emerito
953 1631 1199 1689 considens
1222 1632 1338 1689 orbe
1359 1631 1570 1688 laborum
1589 1676 1604 1695 ..

470 1734 641 1807 Tuque
664 1746 746 1784 tuo
763 1768 778 1792 ‚
800 1722 1091 1802 Capricorne
1109 1766 1124 1788 ‚
1154 1722 1261 1800 gelu
1290 1721 1548 1779 contra&tis
1573 1720 1617 1777 in
1643 1718 1786 1778 astris.‘

471 1825 653 1879 Contra
675 1820 794 1897 jacet
817 1821 999 1875 Cancer
1021 1814 1222 1895 patulam
1250 1813 1469 1870 distentus
1497 1813 1543 1870 in
1567 1813 1718 1870 alvum
1736 1857 1753 1880 ‚

472 1914 696 1994 Scorpios
718 1911 988 1968 incumbens
1011 1908 1151 1987 plano
1178 1902 1259 1964 sub
1281 1906 1474 1986 pessos-e
1501 1925 1634 1962 terrae
1654 1951 1671 1975 s

471 2010 523 2065 ln
544 2006 657 2063 latus
685 1998 865 2079 obliqui
890 1998 1038 2057 Pisces
1065 1998 1341 2078 semperque
1366 1998 1583 2073 jacentes.

558 2095 704 2172 Quod
732 2093 764 2150 fi
787 2091 943 2149 solerti
967 2087 1276 2168 circumspicis
1304 2088 1457 2145 omnia
1480 2109 1586 2143 cura
1605 2129 1621 2151 ,,

470 2188 692 2247 Fraudata
716 2181 924 2241 invenies
948 2181 1104 2240 amissis
1128 2180 1272 2237 sidera
1296 2178 1526 2236 membris.

470 2277 697 2358 Scorpios
718 2278 764 2334 in
791 2275 921 2333 Libra
944 2272 1172 2331 consumit
1197 2270 1406 2329 brachia:
1434 2273 1610 2326 Taurus

473 2368 676 2429 Succidit
699 2367 897 2424 incurvo
922 2365 1108 2422 claudus
1129 2361 1279 2442 pede:
1304 2360 1473 2418 lumina
1493 2364 1681 2417 Cancro

470 2461 681 2521 Desunt:
703 2463 940 2517 Centauro
965 2455 1165 2535 superest
1190 2454 1239 2512 ὅ(
1261 2454 1477 2532 quaeritur
1500 2474 1653 2509 unume

470 2554 548 2612 Sic
574 2552 754 2611 nostros
779 2549 902 2606 casus
925 2547 1094 2605 solatur
1118 2545 1312 2603 mundus
1334 2544 1380 2601 in
1404 2542 1525 2601 astris
1547 2587 1561 2609 2

468 2645 793 2724 Exemploque
818 2641 959 2697 docet
988 2637 1216 2717 patienter
1239 2636 1397 2692 damna
1423 2632 1600 2689 subire:

472 2735 638 2794 Omnis
664 2756 764 2790 cum
787 2731 914 2787 coelo
937 2729 1139 2785 sortunae
1164 2725 1366 2804 pendeat
1392 2723 1540 2786 ordo,

471 2827 664 2906 Ipsaque
685 2821 915 2879 debilibus
939 2817 1197 2874 'formentur
1220 2814 1364 2871 fidera
1388 2810 1622 2869 membris,

553 2910 864 2990 Temporibus
891 2929 1081 2986 quoque
1107 2905 1204 2962 sunt
1231 2903 1433 2983 propriis
1459 2900 1689 2980 pollentia
1711 2899 1852 2982 sigua.

472 3001 614 3064 AEs’cas
639 3028 663 3061 a
688 3000 899 3060 Geminis
918 3045 932 3067 ,
955 3019 1194 3055 autumnus
1215 2995 1412 3074 Virgine
1435 2993 1610 3073 surgit,

475 3099 637 3155 Bruma
660 3090 926 3172 Sagittifero
942 3135 959 3160 ‚
978 3111 1060 3149 ver
1083 3087 1281 3147 Piscibus
1304 3085 1466 3167 incipit
1485 3085 1566 3143 ire.

1964 642 2076 690 240

1966 1102 2073 1158 245

1969 1557 2080 1614 250

1965 2015 2073 2072 255

1964 2454 2076 2507 260

1960 2885 2088 2978 265'
