<?xml version="1.0" encoding="UTF-8"?>
<!DOCTYPE html PUBLIC "-//W3C//DTD XHTML 1.0 Transitional//EN"
    "http://www.w3.org/TR/xhtml1/DTD/xhtml1-transitional.dtd">
<html xmlns="http://www.w3.org/1999/xhtml" xml:lang="en" lang="en">
 <head>
  <title>
</title>
<meta http-equiv="Content-Type" content="text/html;charset=utf-8" />
  <meta name='ocr-system' content='tesseract 3.04.00' />
  <meta name='ocr-capabilities' content='ocr_page ocr_carea ocr_par ocr_line ocrx_word'/>
</head>
<body>
  <div class='ocr_page' id='page_1' title='image "./pvirgiliimaronis002virg_0355.png"; bbox 0 0 2165 3792; ppageno 0'>
   <div class='ocr_carea' id='block_1_1' title="bbox 467 212 1684 290">
    <p class='ocr_par' dir='ltr' id='par_1_1' title="bbox 467 212 1684 290">
     <span class='ocr_line' id='line_1_1' title="bbox 467 212 1684 290; baseline -0.002 -13"><span class='ocrx_word' id='word_1_1' title='bbox 467 220 606 277; x_wconf 91' lang='lat' dir='ltr'>DE</span> <span class='ocrx_word' id='word_1_2' title='bbox 667 218 735 275; x_wconf 89' lang='lat' dir='ltr'>P.</span> <span class='ocrx_word' id='word_1_3' title='bbox 798 212 1310 275; x_wconf 87' lang='lat' dir='ltr'>VIRGILIO.</span> <span class='ocrx_word' id='word_1_4' title='bbox 1567 230 1684 290; x_wconf 84' lang='lat'>347</span> 
     </span>
    </p>
   </div>
   <div class='ocr_carea' id='block_1_2' title="bbox 86 343 1694 1417">
    <p class='ocr_par' dir='ltr' id='par_1_2' title="bbox 286 343 1686 547">
     <span class='ocr_line' id='line_1_2' title="bbox 286 343 1686 410; baseline -0.006 -12"><span class='ocrx_word' id='word_1_5' title='bbox 286 348 514 399; x_wconf 66' lang='lat' dir='ltr'>ledtiones</span> <span class='ocrx_word' id='word_1_6' title='bbox 554 347 773 406; x_wconf 76' lang='lat' dir='ltr'>admisit,</span> <span class='ocrx_word' id='word_1_7' title='bbox 806 361 921 409; x_wconf 83' lang='lat' dir='ltr'>quas</span> <span class='ocrx_word' id='word_1_8' title='bbox 963 347 1183 410; x_wconf 20' lang='lat' dir='ltr'>Heyniusv</span> <span class='ocrx_word' id='word_1_9' title='bbox 1207 347 1257 395; x_wconf 88' lang='lat' dir='ltr'>in</span> <span class='ocrx_word' id='word_1_10' title='bbox 1288 345 1413 396; x_wconf 88' lang='lat' dir='ltr'>notis</span> <span class='ocrx_word' id='word_1_11' title='bbox 1450 343 1545 395; x_wconf 88' lang='lat' dir='ltr'>suis</span> <span class='ocrx_word' id='word_1_12' title='bbox 1575 361 1686 410; x_wconf 83' lang='lat' dir='ltr'>pro.</span> 
     </span>
     <span class='ocr_line' id='line_1_3' title="bbox 288 413 1685 478; baseline -0.002 -12"><span class='ocrx_word' id='word_1_13' title='bbox 288 416 494 466; x_wconf 86' lang='lat' dir='ltr'>baverat.</span> <span class='ocrx_word' id='word_1_14' title='bbox 531 416 636 466; x_wconf 89' lang='lat' dir='ltr'>Hae</span> <span class='ocrx_word' id='word_1_15' title='bbox 667 415 809 477; x_wconf 88' lang='lat' dir='ltr'>igitur</span> <span class='ocrx_word' id='word_1_16' title='bbox 834 413 1048 462; x_wconf 83' lang='lat' dir='ltr'>editione</span> <span class='ocrx_word' id='word_1_17' title='bbox 1073 414 1165 462; x_wconf 85' lang='lat' dir='ltr'>fine</span> <span class='ocrx_word' id='word_1_18' title='bbox 1190 414 1291 463; x_wconf 92' lang='lat' dir='ltr'>ullo</span> <span class='ocrx_word' id='word_1_19' title='bbox 1325 413 1574 478; x_wconf 85' lang='lat' dir='ltr'>dispendio</span> <span class='ocrx_word' id='word_1_20' title='bbox 1607 428 1685 463; x_wconf 84' lang='lat' dir='ltr'>ca·</span> 
     </span>
     <span class='ocr_line' id='line_1_4' title="bbox 288 480 1193 547; baseline 0 -16"><span class='ocrx_word' id='word_1_21' title='bbox 288 493 424 544; x_wconf 78' lang='lat' dir='ltr'>reat,</span> <span class='ocrx_word' id='word_1_22' title='bbox 451 484 720 547; x_wconf 81' lang='lat' dir='ltr'>quicunque</span> <span class='ocrx_word' id='word_1_23' title='bbox 755 480 1003 544; x_wconf 85' lang='lat' dir='ltr'>Heyniana</span> <span class='ocrx_word' id='word_1_24' title='bbox 1026 480 1193 532; x_wconf 86' lang='lat' dir='ltr'>utitur.</span> 
     </span>
    </p>

    <p class='ocr_par' dir='ltr' id='par_1_3' title="bbox 86 545 1694 1417">
     <span class='ocr_line' id='line_1_5' title="bbox 86 545 1686 618; baseline -0.001 -19"><span class='ocrx_word' id='word_1_25' title='bbox 86 545 217 618; x_wconf 53' lang='lat'>,1782</span> <span class='ocrx_word' id='word_1_26' title='bbox 289 550 338 599; x_wconf 88' lang='lat' dir='ltr'>P.</span> <span class='ocrx_word' id='word_1_27' title='bbox 374 551 433 600; x_wconf 89' lang='lat' dir='ltr'>V.</span> <span class='ocrx_word' id='word_1_28' title='bbox 473 550 544 600; x_wconf 84' lang='lat' dir='ltr'>M.</span> <span class='ocrx_word' id='word_1_29' title='bbox 582 549 709 611; x_wconf 89' lang='lat' dir='ltr'>Opp.</span> <span class='ocrx_word' id='word_1_30' title='bbox 751 562 810 596; x_wconf 85' lang='lat' dir='ltr'>ex</span> <span class='ocrx_word' id='word_1_31' title='bbox 840 546 936 596; x_wconf 87' lang='lat' dir='ltr'>fide</span> <span class='ocrx_word' id='word_1_32' title='bbox 980 547 1085 596; x_wconf 86' lang='lat' dir='ltr'>Nie.</span> <span class='ocrx_word' id='word_1_33' title='bbox 1119 548 1329 606; x_wconf 83' lang='lat' dir='ltr'>Heinfii,</span> <span class='ocrx_word' id='word_1_34' title='bbox 1367 564 1459 610; x_wconf 91' lang='lat' dir='ltr'>ope</span> <span class='ocrx_word' id='word_1_35' title='bbox 1493 548 1686 611; x_wconf 86' lang='lat' dir='ltr'>triginta</span> 
     </span>
     <span class='ocr_line' id='line_1_6' title="bbox 283 613 1691 677; baseline -0.001 -9"><span class='ocrx_word' id='word_1_36' title='bbox 283 617 425 668; x_wconf 82' lang='lat' dir='ltr'>MSS.</span> <span class='ocrx_word' id='word_1_37' title='bbox 473 615 682 664; x_wconf 87' lang='lat' dir='ltr'>restituta</span> <span class='ocrx_word' id='word_1_38' title='bbox 724 629 835 663; x_wconf 89' lang='lat' dir='ltr'>cum</span> <span class='ocrx_word' id='word_1_39' title='bbox 874 615 998 662; x_wconf 85' lang='lat' dir='ltr'>notis</span> <span class='ocrx_word' id='word_1_40' title='bbox 1034 613 1232 677; x_wconf 81' lang='lat' dir='ltr'>integris</span> <span class='ocrx_word' id='word_1_41' title='bbox 1281 614 1437 663; x_wconf 86' lang='lat' dir='ltr'>Caroli</span> <span class='ocrx_word' id='word_1_42' title='bbox 1474 617 1599 663; x_wconf 81' lang='lat' dir='ltr'>Ruaei</span> <span class='ocrx_word' id='word_1_43' title='bbox 1642 617 1691 666; x_wconf 88' lang='lat' dir='ltr'>S.</span> 
     </span>
     <span class='ocr_line' id='line_1_7' title="bbox 290 681 1689 745; baseline -0.001 -12"><span class='ocrx_word' id='word_1_44' title='bbox 290 684 334 745; x_wconf 84' lang='lat' dir='ltr'>J.</span> <span class='ocrx_word' id='word_1_45' title='bbox 369 684 430 731; x_wconf 88' lang='lat' dir='ltr'>ad</span> <span class='ocrx_word' id='word_1_46' title='bbox 457 682 645 731; x_wconf 83' lang='lat' dir='ltr'><strong>tertiam</strong></span> <span class='ocrx_word' id='word_1_47' title='bbox 680 681 951 731; x_wconf 89' lang='lat' dir='ltr'>Editionem</span> <span class='ocrx_word' id='word_1_48' title='bbox 985 681 1234 730; x_wconf 86' lang='lat' dir='ltr'>Parismam</span> <span class='ocrx_word' id='word_1_49' title='bbox 1265 682 1438 730; x_wconf 62' lang='lat' dir='ltr'>exa-&amp;is</span> <span class='ocrx_word' id='word_1_50' title='bbox 1472 681 1521 730; x_wconf 89' lang='lat' dir='ltr'>in</span> <span class='ocrx_word' id='word_1_51' title='bbox 1548 682 1689 732; x_wconf 90' lang='lat' dir='ltr'>usum</span> 
     </span>
     <span class='ocr_line' id='line_1_8' title="bbox 289 747 1690 809; baseline -0.003 -9"><span class='ocrx_word' id='word_1_52' title='bbox 289 750 551 800; x_wconf 87' lang='lat' dir='ltr'>vicinarum</span> <span class='ocrx_word' id='word_1_53' title='bbox 592 747 891 809; x_wconf 84' lang='lat' dir='ltr'>scholarum,</span> <span class='ocrx_word' id='word_1_54' title='bbox 943 749 1128 799; x_wconf 83' lang='lat' dir='ltr'>Tomus</span> <span class='ocrx_word' id='word_1_55' title='bbox 1171 748 1223 809; x_wconf 85' lang='grc' dir='ltr'>Ι,</span> <span class='ocrx_word' id='word_1_56' title='bbox 1260 748 1331 806; x_wconf 73' lang='lat'>11,</span> <span class='ocrx_word' id='word_1_57' title='bbox 1366 749 1448 799; x_wconf 90' lang='lat' dir='ltr'>III.</span> <span class='ocrx_word' id='word_1_58' title='bbox 1497 750 1690 797; x_wconf 66' lang='lat' dir='ltr'>Coloniae</span> 
     </span>
     <span class='ocr_line' id='line_1_9' title="bbox 293 814 1692 881; baseline -0.004 -15"><span class='ocrx_word' id='word_1_59' title='bbox 293 819 581 866; x_wconf 78' lang='lat' dir='ltr'>Munatianae</span> <span class='ocrx_word' id='word_1_60' title='bbox 617 815 882 881; x_wconf 80' lang='lat' dir='ltr'>(Bafileae)</span> <span class='ocrx_word' id='word_1_61' title='bbox 917 814 1186 879; x_wconf 86' lang='lat' dir='ltr'>sumptibus</span> <span class='ocrx_word' id='word_1_62' title='bbox 1210 814 1480 866; x_wconf 87' lang='lat' dir='ltr'>Emanuelis</span> <span class='ocrx_word' id='word_1_63' title='bbox 1524 817 1692 864; x_wconf 80' lang='lat' dir='ltr'>Thum-</span> 
     </span>
     <span class='ocr_line' id='line_1_10' title="bbox 288 881 1689 950; baseline 0.002 -20"><span class='ocrx_word' id='word_1_64' title='bbox 288 884 418 950; x_wconf 82' lang='lat' dir='ltr'>ez&#39;sen.</span> <span class='ocrx_word' id='word_1_65' title='bbox 469 901 524 932; x_wconf 84' lang='lat'>12</span> <span class='ocrx_word' id='word_1_66' title='bbox 554 884 666 933; x_wconf 83' lang='lat' dir='ltr'>mai.</span> <span class='ocrx_word' id='word_1_67' title='bbox 702 900 722 948; x_wconf 87' lang='lat'><em>3</em></span> <span class='ocrx_word' id='word_1_68' title='bbox 753 881 866 933; x_wconf 86' lang='lat' dir='ltr'>voll.</span> <span class='ocrx_word' id='word_1_69' title='bbox 896 883 1227 932; x_wconf 83' lang='lat' dir='ltr'>Praefationem</span> <span class='ocrx_word' id='word_1_70' title='bbox 1254 882 1431 945; x_wconf 80' lang='lat' dir='ltr'>scripsit</span> <span class='ocrx_word' id='word_1_71' title='bbox 1459 883 1501 943; x_wconf 89' lang='lat' dir='ltr'>J.</span> <span class='ocrx_word' id='word_1_72' title='bbox 1527 885 1577 932; x_wconf 83' lang='lat' dir='ltr'>A.</span> <span class='ocrx_word' id='word_1_73' title='bbox 1597 884 1689 934; x_wconf 85' lang='lat' dir='ltr'>W.</span> 
     </span>
     <span class='ocr_line' id='line_1_11' title="bbox 292 949 1692 1014; baseline 0.001 -16"><span class='ocrx_word' id='word_1_74' title='bbox 292 959 514 1011; x_wconf 73' lang='lat' dir='ltr'>curator,</span> <span class='ocrx_word' id='word_1_75' title='bbox 554 952 634 1014; x_wconf 90' lang='lat' dir='ltr'>qui</span> <span class='ocrx_word' id='word_1_76' title='bbox 672 951 880 1014; x_wconf 77' lang='lat' dir='ltr'>exposito</span> <span class='ocrx_word' id='word_1_77' title='bbox 921 951 1144 999; x_wconf 83' lang='lat' dir='ltr'>editionis</span> <span class='ocrx_word' id='word_1_78' title='bbox 1191 949 1382 999; x_wconf 75' lang='lat' dir='ltr'>consilio</span> <span class='ocrx_word' id='word_1_79' title='bbox 1427 949 1530 1013; x_wconf 79' lang='lat' dir='ltr'>ipse&#39;</span> <span class='ocrx_word' id='word_1_80' title='bbox 1556 949 1692 1000; x_wconf 85' lang='lat' dir='ltr'>suam</span> 
     </span>
     <span class='ocr_line' id='line_1_12' title="bbox 291 1017 1694 1081; baseline -0.001 -15"><span class='ocrx_word' id='word_1_81' title='bbox 291 1033 493 1081; x_wconf 81' lang='lat' dir='ltr'>operam</span> <span class='ocrx_word' id='word_1_82' title='bbox 518 1018 567 1065; x_wconf 88' lang='lat' dir='ltr'>in</span> <span class='ocrx_word' id='word_1_83' title='bbox 596 1034 651 1067; x_wconf 84' lang='lat' dir='ltr'>ea</span> <span class='ocrx_word' id='word_1_84' title='bbox 678 1017 964 1067; x_wconf 85' lang='lat' dir='ltr'>collocatam</span> <span class='ocrx_word' id='word_1_85' title='bbox 988 1017 1225 1068; x_wconf 86' lang='lat' dir='ltr'>describit.</span> <span class='ocrx_word' id='word_1_86' title='bbox 1248 1053 1282 1079; x_wconf 64' lang='lat'>2,</span> <span class='ocrx_word' id='word_1_87' title='bbox 1305 1019 1363 1068; x_wconf 90' lang='lat' dir='ltr'>Et</span> <span class='ocrx_word' id='word_1_88' title='bbox 1386 1025 1570 1066; x_wconf 81' lang='lat' dir='ltr'>textum</span> <span class='ocrx_word' id='word_1_89' title='bbox 1591 1019 1694 1080; x_wconf 76' lang='lat' dir='ltr'>qui-</span> 
     </span>
     <span class='ocr_line' id='line_1_13' title="bbox 291 1084 1694 1149; baseline 0.001 -16"><span class='ocrx_word' id='word_1_90' title='bbox 291 1086 405 1134; x_wconf 88' lang='lat' dir='ltr'>dem</span> <span class='ocrx_word' id='word_1_91' title='bbox 426 1085 488 1133; x_wconf 86' lang='lat' dir='ltr'>ad</span> <span class='ocrx_word' id='word_1_92' title='bbox 515 1086 748 1148; x_wconf 86' lang='lat' dir='ltr'>optimam</span> <span class='ocrx_word' id='word_1_93' title='bbox 779 1085 1043 1134; x_wconf 85' lang='lat' dir='ltr'>editionem</span> <span class='ocrx_word' id='word_1_94' title='bbox 1070 1086 1234 1149; x_wconf 79' lang='lat' dir='ltr'>exegi:</span> <span class='ocrx_word' id='word_1_95' title='bbox 1268 1084 1562 1135; x_wconf 82' lang='lat' dir='ltr'>Praeambula</span> <span class='ocrx_word' id='word_1_96' title='bbox 1593 1102 1694 1135; x_wconf 86' lang='lat' dir='ltr'>non</span> 
     </span>
     <span class='ocr_line' id='line_1_14' title="bbox 291 1151 1687 1216; baseline 0 -15"><span class='ocrx_word' id='word_1_97' title='bbox 291 1151 572 1213; x_wconf 75' lang='lat' dir='ltr'>necessaria⁷</span> <span class='ocrx_word' id='word_1_98' title='bbox 611 1169 712 1215; x_wconf 87' lang='lat' dir='ltr'>quae</span> <span class='ocrx_word' id='word_1_99' title='bbox 749 1151 929 1201; x_wconf 90' lang='lat' dir='ltr'>molem</span> <span class='ocrx_word' id='word_1_100' title='bbox 976 1162 1241 1216; x_wconf 81' lang='lat' dir='ltr'>augerent,</span> <span class='ocrx_word' id='word_1_101' title='bbox 1281 1152 1489 1210; x_wconf 86' lang='lat' dir='ltr'>resecui,</span> <span class='ocrx_word' id='word_1_102' title='bbox 1530 1151 1687 1201; x_wconf 83' lang='lat' dir='ltr'>delevi</span> 
     </span>
     <span class='ocr_line' id='line_1_15' title="bbox 290 1219 1690 1285; baseline -0.001 -18"><span class='ocrx_word' id='word_1_103' title='bbox 290 1219 736 1283; x_wconf 83' lang='lat' dir='ltr'>interpretationem</span> <span class='ocrx_word' id='word_1_104' title='bbox 783 1219 1027 1285; x_wconf 78' lang='lat' dir='ltr'>(Ruaei,)</span> <span class='ocrx_word' id='word_1_105' title='bbox 1070 1222 1221 1271; x_wconf 88' lang='lat' dir='ltr'>Notas</span> <span class='ocrx_word' id='word_1_106' title='bbox 1268 1235 1435 1267; x_wconf 85' lang='lat' dir='ltr'>omnes</span> <span class='ocrx_word' id='word_1_107' title='bbox 1487 1219 1690 1280; x_wconf 85' lang='lat' dir='ltr'>retinui,</span> 
     </span>
     <span class='ocr_line' id='line_1_16' title="bbox 291 1285 1689 1352; baseline 0.001 -18"><span class='ocrx_word' id='word_1_108' title='bbox 291 1286 452 1335; x_wconf 88' lang='lat' dir='ltr'>Vitam</span> <span class='ocrx_word' id='word_1_109' title='bbox 492 1288 736 1349; x_wconf 76' lang='lat' dir='ltr'>contraxi,</span> <span class='ocrx_word' id='word_1_110' title='bbox 770 1287 852 1336; x_wconf 87' lang='lat' dir='ltr'>sed</span> <span class='ocrx_word' id='word_1_111' title='bbox 891 1290 936 1337; x_wconf 70' lang='lat' dir='ltr'>Sc</span> <span class='ocrx_word' id='word_1_112' title='bbox 975 1285 1068 1338; x_wconf 88' lang='lat' dir='ltr'>alia</span> <span class='ocrx_word' id='word_1_113' title='bbox 1107 1286 1298 1352; x_wconf 77' lang='lat' dir='ltr'>praestiti</span> <span class='ocrx_word' id='word_1_114' title='bbox 1341 1285 1439 1335; x_wconf 89' lang='lat' dir='ltr'>fide</span> <span class='ocrx_word' id='word_1_115' title='bbox 1481 1302 1689 1351; x_wconf 75' lang='lat' dir='ltr'>magna,</span> 
     </span>
     <span class='ocr_line' id='line_1_17' title="bbox 292 1353 978 1417; baseline 0.001 -12"><span class='ocrx_word' id='word_1_116' title='bbox 292 1353 508 1405; x_wconf 87' lang='lat' dir='ltr'>molestia</span> <span class='ocrx_word' id='word_1_117' title='bbox 538 1354 690 1404; x_wconf 91' lang='lat' dir='ltr'>nihilo</span> <span class='ocrx_word' id='word_1_118' title='bbox 721 1355 920 1407; x_wconf 87' lang='lat' dir='ltr'>minore.</span> <span class='ocrx_word' id='word_1_119' title='bbox 942 1388 978 1417; x_wconf 72' lang='lat'>2,</span> 
     </span>
    </p>
   </div>
   <div class='ocr_carea' id='block_1_3' title="bbox 125 1517 149 1520">
    <p class='ocr_par' dir='ltr' id='par_1_4' title="bbox 125 1517 149 1520">
     <span class='ocr_line' id='line_1_18' title="bbox 125 1517 149 1520; baseline -0.042 0"><span class='ocrx_word' id='word_1_120' title='bbox 125 1517 130 1520; x_wconf 87' lang='lat'>.</span> <span class='ocrx_word' id='word_1_121' title='bbox 145 1517 149 1519; x_wconf 18' lang='lat' dir='ltr'>r</span> 
     </span>
    </p>
   </div>
   <div class='ocr_carea' id='block_1_4' title="bbox 172 1634 1642 1695">
    <p class='ocr_par' dir='ltr' id='par_1_5' title="bbox 172 1634 1642 1695">
     <span class='ocr_line' id='line_1_19' title="bbox 172 1634 1642 1695; baseline 0.001 -2"><span class='ocrx_word' id='word_1_122' title='bbox 172 1634 711 1695; x_wconf 88' lang='lat' dir='ltr'><strong>ADDENDA</strong></span> <span class='ocrx_word' id='word_1_123' title='bbox 774 1635 899 1694; x_wconf 92' lang='lat' dir='ltr'>ET</span> <span class='ocrx_word' id='word_1_124' title='bbox 963 1634 1642 1694; x_wconf 88' lang='lat' dir='ltr'><strong>EMENDANDA</strong></span> 
     </span>
    </p>
   </div>
   <div class='ocr_carea' id='block_1_5' title="bbox 296 1529 495 1544">
    <p class='ocr_par' dir='ltr' id='par_1_6' title="bbox 296 1529 495 1544">
     <span class='ocr_line' id='line_1_20' title="bbox 296 1529 495 1544; baseline 0 0"><span class='ocrx_word' id='word_1_125' title='bbox 296 1529 495 1544; x_wconf 95' lang='lat' dir='ltr'> </span> 
     </span>
    </p>
   </div>
   <div class='ocr_carea' id='block_1_6' title="bbox 499 1529 696 1543">
    <p class='ocr_par' dir='ltr' id='par_1_7' title="bbox 499 1529 696 1543">
     <span class='ocr_line' id='line_1_21' title="bbox 499 1529 696 1543; baseline 0 0"><span class='ocrx_word' id='word_1_126' title='bbox 499 1529 696 1543; x_wconf 95' lang='lat' dir='ltr'> </span> 
     </span>
    </p>
   </div>
   <div class='ocr_carea' id='block_1_7' title="bbox 700 1530 901 1543">
    <p class='ocr_par' dir='ltr' id='par_1_8' title="bbox 700 1530 901 1543">
     <span class='ocr_line' id='line_1_22' title="bbox 700 1530 901 1543; baseline 0 0"><span class='ocrx_word' id='word_1_127' title='bbox 700 1530 901 1543; x_wconf 95' lang='lat' dir='ltr'> </span> 
     </span>
    </p>
   </div>
   <div class='ocr_carea' id='block_1_8' title="bbox 93 1787 1701 1942">
    <p class='ocr_par' dir='ltr' id='par_1_9' title="bbox 93 1787 1701 1942">
     <span class='ocr_line' id='line_1_23' title="bbox 93 1787 1701 1862; baseline 0.002 -21"><span class='ocrx_word' id='word_1_128' title='bbox 93 1787 172 1841; x_wconf 84' lang='lat' dir='ltr'>acl</span> <span class='ocrx_word' id='word_1_129' title='bbox 211 1789 457 1842; x_wconf 80' lang='lat' dir='ltr'>Annales</span> <span class='ocrx_word' id='word_1_130' title='bbox 520 1791 579 1843; x_wconf 95' lang='lat' dir='ltr'><em>V</em></span> <span class='ocrx_word' id='word_1_131' title='bbox 575 1789 944 1862; x_wconf 77' lang='lat' dir='ltr'>irgilianarum</span> <span class='ocrx_word' id='word_1_132' title='bbox 998 1788 1282 1842; x_wconf 77' lang='lat' dir='ltr'>editionum</span> <span class='ocrx_word' id='word_1_133' title='bbox 1307 1830 1327 1855; x_wconf 85' lang='lat'>‚</span> <span class='ocrx_word' id='word_1_134' title='bbox 1367 1809 1475 1862; x_wconf 81' lang='lat' dir='ltr'>quae</span> <span class='ocrx_word' id='word_1_135' title='bbox 1517 1809 1584 1842; x_wconf 84' lang='lat' dir='ltr'>ex</span> <span class='ocrx_word' id='word_1_136' title='bbox 1621 1788 1701 1844; x_wconf 81' lang='lat' dir='ltr'>ill.</span> 
     </span>
     <span class='ocr_line' id='line_1_24' title="bbox 218 1863 1577 1942; baseline 0.001 -19"><span class='ocrx_word' id='word_1_137' title='bbox 218 1868 446 1923; x_wconf 84' lang='lat' dir='ltr'><em>HEYNI</em></span> <span class='ocrx_word' id='word_1_138' title='bbox 453 1882 485 1922; x_wconf 92' lang='lat' dir='ltr'><em>I</em></span> <span class='ocrx_word' id='word_1_139' title='bbox 509 1869 635 1924; x_wconf 76' lang='lat' dir='ltr'>add.</span> <span class='ocrx_word' id='word_1_140' title='bbox 664 1863 717 1922; x_wconf 63' lang='grc' dir='ltr'>ὃ*</span> <span class='ocrx_word' id='word_1_141' title='bbox 742 1870 935 1923; x_wconf 69' lang='lat' dir='ltr'>emend.</span> <span class='ocrx_word' id='word_1_142' title='bbox 966 1868 1115 1921; x_wconf 84' lang='lat' dir='ltr'>Tom.</span> <span class='ocrx_word' id='word_1_143' title='bbox 1140 1869 1235 1921; x_wconf 95' lang='lat' dir='ltr'>IV</span> <span class='ocrx_word' id='word_1_144' title='bbox 1257 1870 1474 1942; x_wconf 74' lang='lat' dir='ltr'>Virgilii</span> <span class='ocrx_word' id='word_1_145' title='bbox 1482 1867 1577 1940; x_wconf 74' lang='lat' dir='ltr'>fici</span> 
     </span>
    </p>
   </div>
   <div class='ocr_carea' id='block_1_9' title="bbox 256 1943 1530 2025">
    <p class='ocr_par' dir='ltr' id='par_1_10' title="bbox 256 1943 1530 2025">
     <span class='ocr_line' id='line_1_25' title="bbox 256 1943 1530 2025; baseline 0.002 -21"><span class='ocrx_word' id='word_1_146' title='bbox 256 1947 474 2019; x_wconf 83' lang='lat' dir='ltr'>majoris</span> <span class='ocrx_word' id='word_1_147' title='bbox 496 1971 554 2023; x_wconf 82' lang='lat' dir='ltr'>p.</span> <span class='ocrx_word' id='word_1_148' title='bbox 585 1949 859 2025; x_wconf 72' lang='lat'>198--205</span> <span class='ocrx_word' id='word_1_149' title='bbox 886 1943 1168 2004; x_wconf 65' lang='lat' dir='ltr'>&amp;aliunde</span> <span class='ocrx_word' id='word_1_150' title='bbox 1187 1946 1530 2024; x_wconf 77' lang='lat' dir='ltr'>ficblegimus.</span> 
     </span>
    </p>
   </div>
   <div class='ocr_carea' id='block_1_10' title="bbox 93 2063 1705 3085">
    <p class='ocr_par' dir='ltr' id='par_1_11' title="bbox 93 2063 1705 3085">
     <span class='ocr_line' id='line_1_26' title="bbox 96 2063 1701 2187; baseline 0.002 -16"><span class='ocrx_word' id='word_1_151' title='bbox 96 2063 838 2172; x_wconf 78' lang='lat' dir='ltr'><strong>CONSCRIBEBAMUS</strong></span> <span class='ocrx_word' id='word_1_152' title='bbox 868 2113 974 2171; x_wconf 88' lang='lat' dir='ltr'>hos</span> <span class='ocrx_word' id='word_1_153' title='bbox 1008 2112 1282 2187; x_wconf 83' lang='lat' dir='ltr'>Annales,</span> <span class='ocrx_word' id='word_1_154' title='bbox 1315 2114 1528 2173; x_wconf 87' lang='lat' dir='ltr'>interea</span> <span class='ocrx_word' id='word_1_155' title='bbox 1566 2112 1701 2175; x_wconf 89' lang='lat' dir='ltr'>dum</span> 
     </span>
     <span class='ocr_line' id='line_1_27' title="bbox 93 2192 1701 2273; baseline 0.002 -24"><span class='ocrx_word' id='word_1_156' title='bbox 93 2192 228 2251; x_wconf 85' lang='lat' dir='ltr'>inde</span> <span class='ocrx_word' id='word_1_157' title='bbox 271 2215 303 2251; x_wconf 90' lang='lat' dir='ltr'>a</span> <span class='ocrx_word' id='word_1_158' title='bbox 337 2193 465 2252; x_wconf 87' lang='lat' dir='ltr'>Kal.</span> <span class='ocrx_word' id='word_1_159' title='bbox 503 2193 926 2252; x_wconf 88' lang='lat' dir='ltr'>Novembribus</span> <span class='ocrx_word' id='word_1_160' title='bbox 960 2193 1199 2273; x_wconf 84' lang='lat' dir='ltr'>Collega</span> <span class='ocrx_word' id='word_1_161' title='bbox 1235 2193 1397 2273; x_wconf 80' lang='lat' dir='ltr'>hujus</span> <span class='ocrx_word' id='word_1_162' title='bbox 1430 2194 1701 2268; x_wconf 86' lang='lat' dir='ltr'>instituti,</span> 
     </span>
     <span class='ocr_line' id='line_1_28' title="bbox 96 2274 1702 2355; baseline 0.001 -21"><span class='ocrx_word' id='word_1_163' title='bbox 96 2275 183 2334; x_wconf 90' lang='lat' dir='ltr'>J0.</span> <span class='ocrx_word' id='word_1_164' title='bbox 203 2274 421 2332; x_wconf 87' lang='lat' dir='ltr'>Valent.</span> <span class='ocrx_word' id='word_1_165' title='bbox 462 2279 743 2333; x_wconf 80' lang='lat' dir='ltr'><em>EMBSER</em></span> <span class='ocrx_word' id='word_1_166' title='bbox 765 2319 785 2346; x_wconf 89' lang='lat'><strong><em>,</em></strong></span> <span class='ocrx_word' id='word_1_167' title='bbox 808 2274 1106 2355; x_wconf 87' lang='lat' dir='ltr'>Gymnafii</span> <span class='ocrx_word' id='word_1_168' title='bbox 1138 2274 1359 2334; x_wconf 86' lang='lat' dir='ltr'>illustris</span> <span class='ocrx_word' id='word_1_169' title='bbox 1385 2275 1702 2351; x_wconf 77' lang='lat' dir='ltr'>Professor,</span> 
     </span>
     <span class='ocr_line' id='line_1_29' title="bbox 97 2354 1700 2436; baseline 0.002 -25"><span class='ocrx_word' id='word_1_170' title='bbox 97 2354 197 2432; x_wconf 81' lang='lat' dir='ltr'>qui</span> <span class='ocrx_word' id='word_1_171' title='bbox 240 2354 356 2414; x_wconf 81' lang='lat' dir='ltr'>fere</span> <span class='ocrx_word' id='word_1_172' title='bbox 401 2355 730 2436; x_wconf 88' lang='lat' dir='ltr'>plerumque</span> <span class='ocrx_word' id='word_1_173' title='bbox 775 2355 1204 2415; x_wconf 85' lang='lat' dir='ltr'>concinnandos</span> <span class='ocrx_word' id='word_1_174' title='bbox 1251 2358 1565 2416; x_wconf 87' lang='lat' dir='ltr'>editionum</span> <span class='ocrx_word' id='word_1_175' title='bbox 1607 2358 1700 2415; x_wconf 86' lang='lat' dir='ltr'>in·-</span> 
     </span>
     <span class='ocr_line' id='line_1_30' title="bbox 98 2435 1700 2511; baseline 0.002 -18"><span class='ocrx_word' id='word_1_176' title='bbox 98 2435 252 2495; x_wconf 89' lang='lat' dir='ltr'>dices</span> <span class='ocrx_word' id='word_1_177' title='bbox 294 2458 424 2495; x_wconf 90' lang='lat' dir='ltr'>cum</span> <span class='ocrx_word' id='word_1_178' title='bbox 461 2435 659 2496; x_wconf 91' lang='lat' dir='ltr'>socero</span> <span class='ocrx_word' id='word_1_179' title='bbox 700 2436 802 2495; x_wconf 90' lang='lat' dir='ltr'>suo</span> <span class='ocrx_word' id='word_1_180' title='bbox 837 2439 908 2496; x_wconf 91' lang='lat' dir='ltr'>G.</span> <span class='ocrx_word' id='word_1_181' title='bbox 934 2439 1000 2496; x_wconf 88' lang='lat' dir='ltr'>C.</span> <span class='ocrx_word' id='word_1_182' title='bbox 1036 2442 1227 2497; x_wconf 84' lang='lat' dir='ltr'>Crollio</span> <span class='ocrx_word' id='word_1_183' title='bbox 1255 2439 1354 2498; x_wconf 91' lang='lat' dir='ltr'>fibi</span> <span class='ocrx_word' id='word_1_184' title='bbox 1393 2438 1655 2498; x_wconf 88' lang='lat' dir='ltr'>sumserat</span> <span class='ocrx_word' id='word_1_185' title='bbox 1680 2483 1700 2511; x_wconf 89' lang='lat'>‚</span> 
     </span>
     <span class='ocr_line' id='line_1_31' title="bbox 99 2517 1704 2597; baseline 0.002 -21"><span class='ocrx_word' id='word_1_186' title='bbox 99 2538 230 2576; x_wconf 88' lang='lat' dir='ltr'>cum</span> <span class='ocrx_word' id='word_1_187' title='bbox 273 2517 598 2597; x_wconf 85' lang='lat' dir='ltr'>graviffimo</span> <span class='ocrx_word' id='word_1_188' title='bbox 653 2517 860 2577; x_wconf 86' lang='lat' dir='ltr'>morbo</span> <span class='ocrx_word' id='word_1_189' title='bbox 912 2517 1373 2592; x_wconf 60' lang='lat' dir='ltr'>confliffiibatur,</span> <span class='ocrx_word' id='word_1_190' title='bbox 1424 2519 1608 2580; x_wconf 90' lang='lat' dir='ltr'>donec</span> <span class='ocrx_word' id='word_1_191' title='bbox 1652 2520 1704 2579; x_wconf 77' lang='lat' dir='ltr'>is·</span> 
     </span>
     <span class='ocr_line' id='line_1_32' title="bbox 99 2597 1705 2679; baseline 0.002 -22"><span class='ocrx_word' id='word_1_192' title='bbox 99 2597 367 2675; x_wconf 86' lang='lat' dir='ltr'>superatis</span> <span class='ocrx_word' id='word_1_193' title='bbox 391 2599 556 2657; x_wconf 86' lang='lat' dir='ltr'>rebus</span> <span class='ocrx_word' id='word_1_194' title='bbox 577 2598 831 2658; x_wconf 87' lang='lat' dir='ltr'>humanis</span> <span class='ocrx_word' id='word_1_195' title='bbox 851 2644 868 2673; x_wconf 83' lang='lat'>‚</span> <span class='ocrx_word' id='word_1_196' title='bbox 889 2599 1088 2658; x_wconf 86' lang='lat' dir='ltr'>horam</span> <span class='ocrx_word' id='word_1_197' title='bbox 1109 2599 1302 2659; x_wconf 86' lang='lat' dir='ltr'>versus</span> <span class='ocrx_word' id='word_1_198' title='bbox 1325 2600 1562 2679; x_wconf 88' lang='lat' dir='ltr'>primam</span> <span class='ocrx_word' id='word_1_199' title='bbox 1593 2601 1705 2661; x_wconf 84' lang='lat' dir='ltr'>diei</span> 
     </span>
     <span class='ocr_line' id='line_1_33' title="bbox 100 2678 1704 2760; baseline 0.002 -23"><span class='ocrx_word' id='word_1_200' title='bbox 100 2680 275 2737; x_wconf 90' lang='lat' dir='ltr'>XXV</span> <span class='ocrx_word' id='word_1_201' title='bbox 334 2681 494 2739; x_wconf 86' lang='lat' dir='ltr'>Nov.</span> <span class='ocrx_word' id='word_1_202' title='bbox 549 2700 637 2739; x_wconf 93' lang='lat' dir='ltr'>an.</span> <span class='ocrx_word' id='word_1_203' title='bbox 693 2678 854 2758; x_wconf 88' lang='lat' dir='ltr'>hujus</span> <span class='ocrx_word' id='word_1_204' title='bbox 898 2679 1144 2739; x_wconf 89' lang='lat' dir='ltr'>seculum</span> <span class='ocrx_word' id='word_1_205' title='bbox 1185 2683 1346 2740; x_wconf 92' lang='lat' dir='ltr'>XVII</span> <span class='ocrx_word' id='word_1_206' title='bbox 1395 2682 1704 2760; x_wconf 83' lang='lat' dir='ltr'>superantis</span> 
     </span>
     <span class='ocr_line' id='line_1_34' title="bbox 101 2760 1704 2840; baseline 0.001 -22"><span class='ocrx_word' id='word_1_207' title='bbox 101 2761 400 2818; x_wconf 89' lang='lat' dir='ltr'>LXXXIII</span> <span class='ocrx_word' id='word_1_208' title='bbox 458 2760 527 2818; x_wconf 91' lang='lat' dir='ltr'>ad</span> <span class='ocrx_word' id='word_1_209' title='bbox 586 2760 812 2839; x_wconf 85' lang='lat' dir='ltr'>superos</span> <span class='ocrx_word' id='word_1_210' title='bbox 863 2761 1039 2835; x_wconf 85' lang='lat' dir='ltr'>abiit,</span> <span class='ocrx_word' id='word_1_211' title='bbox 1076 2760 1311 2840; x_wconf 84' lang='lat' dir='ltr'>expletis</span> <span class='ocrx_word' id='word_1_212' title='bbox 1357 2761 1518 2840; x_wconf 82' lang='lat' dir='ltr'>hujus</span> <span class='ocrx_word' id='word_1_213' title='bbox 1565 2761 1704 2822; x_wconf 82' lang='lat' dir='ltr'>vitae</span> 
     </span>
     <span class='ocr_line' id='line_1_35' title="bbox 101 2841 1704 2924; baseline 0.001 -25"><span class='ocrx_word' id='word_1_214' title='bbox 101 2841 264 2899; x_wconf 85' lang='lat' dir='ltr'>annis</span> <span class='ocrx_word' id='word_1_215' title='bbox 305 2842 567 2901; x_wconf 89' lang='lat' dir='ltr'>XXXIV</span> <span class='ocrx_word' id='word_1_216' title='bbox 601 2863 925 2921; x_wconf 87' lang='lat' dir='ltr'>novemque</span> <span class='ocrx_word' id='word_1_217' title='bbox 959 2843 1237 2901; x_wconf 75' lang='lat' dir='ltr'>mensibus</span> <span class='ocrx_word' id='word_1_218' title='bbox 1265 2842 1517 2924; x_wconf 85' lang='lat' dir='ltr'>(natales</span> <span class='ocrx_word' id='word_1_219' title='bbox 1557 2843 1704 2902; x_wconf 87' lang='lat' dir='ltr'>indi-</span> 
     </span>
     <span class='ocr_line' id='line_1_36' title="bbox 104 2920 1703 3005; baseline 0.002 -25"><span class='ocrx_word' id='word_1_220' title='bbox 104 2937 197 2981; x_wconf 88' lang='lat' dir='ltr'>cat</span> <span class='ocrx_word' id='word_1_221' title='bbox 232 2920 363 2979; x_wconf 88' lang='lat' dir='ltr'>clar.</span> <span class='ocrx_word' id='word_1_222' title='bbox 403 2925 684 2999; x_wconf 69' lang='lat' dir='ltr'>Meusfelius</span> <span class='ocrx_word' id='word_1_223' title='bbox 726 2925 785 2981; x_wconf 89' lang='lat' dir='ltr'>in</span> <span class='ocrx_word' id='word_1_224' title='bbox 831 2925 1134 2982; x_wconf 85' lang='lat' dir='ltr'>Germania</span> <span class='ocrx_word' id='word_1_225' title='bbox 1169 2923 1466 3005; x_wconf 73' lang='lat' dir='ltr'>literam),</span> <span class='ocrx_word' id='word_1_226' title='bbox 1501 2941 1703 2983; x_wconf 75' lang='lat' dir='ltr'>mune·-¹</span> 
     </span>
     <span class='ocr_line' id='line_1_37' title="bbox 104 3001 1702 3085; baseline 0.001 -25"><span class='ocrx_word' id='word_1_227' title='bbox 104 3002 180 3061; x_wconf 86' lang='lat' dir='ltr'>ris</span> <span class='ocrx_word' id='word_1_228' title='bbox 204 3001 521 3081; x_wconf 82' lang='lat' dir='ltr'>profefforii</span> <span class='ocrx_word' id='word_1_229' title='bbox 546 3026 719 3082; x_wconf 87' lang='lat' dir='ltr'>paene</span> <span class='ocrx_word' id='word_1_230' title='bbox 744 3025 977 3063; x_wconf 88' lang='lat' dir='ltr'>novem.</span> <span class='ocrx_word' id='word_1_231' title='bbox 1023 3004 1354 3064; x_wconf 81' lang='lat' dir='ltr'>Incredibile</span> <span class='ocrx_word' id='word_1_232' title='bbox 1382 3005 1457 3066; x_wconf 89' lang='lat' dir='ltr'>est</span> <span class='ocrx_word' id='word_1_233' title='bbox 1479 3051 1495 3079; x_wconf 83' lang='grc'>,</span> <span class='ocrx_word' id='word_1_234' title='bbox 1520 3027 1702 3085; x_wconf 87' lang='lat' dir='ltr'>quan·-</span> 
     </span>
    </p>
   </div>
   <div class='ocr_carea' id='block_1_11' title="bbox 105 3083 1706 3165">
    <p class='ocr_par' dir='ltr' id='par_1_12' title="bbox 105 3083 1706 3165">
     <span class='ocr_line' id='line_1_38' title="bbox 105 3083 1706 3165; baseline 0.001 -20"><span class='ocrx_word' id='word_1_235' title='bbox 105 3096 230 3145; x_wconf 79' lang='lat' dir='ltr'>1um</span> <span class='ocrx_word' id='word_1_236' title='bbox 266 3084 380 3147; x_wconf 86' lang='lat' dir='ltr'>hoc</span> <span class='ocrx_word' id='word_1_237' title='bbox 423 3083 549 3148; x_wconf 86' lang='lat' dir='ltr'>casu</span> <span class='ocrx_word' id='word_1_238' title='bbox 587 3084 886 3150; x_wconf 83' lang='lat' dir='ltr'>miserabili</span> <span class='ocrx_word' id='word_1_239' title='bbox 933 3086 1132 3149; x_wconf 66' lang='lat' dir='ltr'>affliaa</span> <span class='ocrx_word' id='word_1_240' title='bbox 1173 3086 1382 3165; x_wconf 85' lang='lat' dir='ltr'>fuerit,</span> <span class='ocrx_word' id='word_1_241' title='bbox 1419 3108 1570 3151; x_wconf 88' lang='lat' dir='ltr'>nunc</span> <span class='ocrx_word' id='word_1_242' title='bbox 1610 3085 1706 3162; x_wconf 63' lang='lat' dir='ltr'>lii-2</span> 
     </span>
    </p>
   </div>
  </div>
 </body>
</html>
