2165 3792
581 187 986 245 LIBER
1069 190 1114 242 I..

80 323 157 383 Bis
176 320 374 400 recipit,
395 320 545 377 lucem
567 318 646 397 qui
670 316 868 375 circulus
892 335 1041 396 aequat
1065 316 1116 373 &
1136 317 1313 375 umbras
1330 331 1350 393 ,'

81 412 294 493 lanigeri
319 411 366 469 ὅ(
389 410 535 467 Librae
559 409 692 487 signo
714 408 790 465 sua
812 407 886 464 fila
908 406 1150 463 secantem.

83 504 160 561 Sic
185 526 268 583 per
284 525 374 560 tres
402 523 544 580 gyros
569 499 766 557 inflexus
793 497 975 555 ducitur
998 496 1123 554 orbis
1146 539 1163 564 ‚

85 598 316 674 ReRaque
337 596 520 652 devexo
545 592 660 650 fallit
682 591 872 670 vestigia
895 591 1037 648 clivo.

84 691 189 746 Nec
215 687 334 744 visus
360 686 598 763 aciemque
619 684 736 764 fugit
755 730 770 752 ,
802 703 1069 761 tantumque
1094 680 1244 739 notari

81 779 252 836 Mente
284 777 432 857 potest
451 820 464 841 .,
485 775 597 832 ficut
619 795 866 831 cernuntur
887 793 1041 830 mente
1066 774 1276 851 priore53

88 869 180 925 Sed
208 867 324 925 nitet
348 867 529 946 ingenti
552 866 750 924 stellatus
775 865 954 923 Balteus
976 864 1094 922 orbe
1111 907 1127 930 ‚

87 957 412 1039 lnfignemque
433 957 539 1015 facit
561 958 724 1015 caela‘to
750 956 927 1014 lumine
952 956 1168 1013 mundum
1188 996 1205 1022 ‚

89 1055 148 1109 Et
173 1070 243 1108 ter
265 1049 449 1107 vicenas
475 1072 624 1128 partes
649 1068 774 1128 patet
798 1068 935 1127 atque
961 1067 1187 1105 trecentas

87 1146 140 1200 In
159 1142 380 1222 longum:
405 1142 474 1198 bis
497 1143 572 1199 sex
591 1140 768 1198 latescit
791 1139 926 1197 fascia
950 1159 1097 1219 partes
1115 1183 1131 1205 ‚

90 1238 218 1311 Quae
243 1235 435 1293 cohibet
456 1235 584 1292 vario
610 1233 807 1291 labentia
830 1231 972 1289 fidera
1001 1230 1148 1288 cursu.

92 1328 228 1384 Alter
249 1326 297 1383 in
318 1326 559 1384 adversum
586 1324 756 1405 positas
780 1320 985 1381 succedit
1017 1324 1073 1380 ad
1100 1320 1292 1390 Αῑξὶος,

95 1419 154 1474 Et
181 1418 365 1496 paulum
387 1440 412 1475 a
432 1422 594 1475 Boreae
620 1440 740 1497 gyro
766 1415 840 1473 sua
863 1415 936 1472 fila
961 1414 1175 1483 reducit,

93 1506 367 1586 Transitque
393 1506 585 1565 inversae
609 1530 692 1586 per
717 1505 860 1562 sidera
886 1505 1138 1585 Cassiepiae.

98 1599 208 1655 Inde
233 1620 317 1676 per
340 1596 578 1676 obliquum
604 1595 889 1654 descendens
906 1640 921 1663 ,
944 1593 1094 1674 tangit
1118 1595 1348 1661 Olorem}

99 1686 387 1764 AEstivosque
413 1683 533 1742 secat
552 1684 667 1742 fines
684 1728 698 1749 ‚
723 1683 1036 1763 Aquilamque
1060 1683 1262 1763 supinam
1282 1728 1297 1749 ‚

96 1781 428 1857 Temporaque
451 1797 705 1855 aequantem
730 1799 897 1857 gyrum
918 1821 933 1843 ,
957 1781 1232 1857 Zonarnque
1251 1779 1480 1837 ferentem

98 1867 224 1924 Solis
245 1890 393 1946 equos
411 1911 426 1935 ‚
451 1866 569 1924 intra
594 1868 780 1925 caudam
801 1911 815 1934 ,
838 1891 926 1946 qua
952 1867 1171 1947 Scorpius
1190 1869 1319 1926 ardet
1336 1913 1352 1935 ‚

101 1962 456 2036 Extremamque
479 1957 691 2037 Sagittari
713 1959 875 2016 laevam
895 2002 910 2025 ‚
929 1981 1066 2038 atque
1093 1959 1327 2039 Sagittam.

103 2052 218 2109 Inde
242 2051 346 2108 suos
369 2050 512 2108 sinuat
534 2050 681 2108 flexus
706 2074 789 2131 per
812 2073 940 2108 crura
960 2050 1198 2131 pedesque

106 2140 332 2200 Centauri
354 2140 540 2197 alterius
563 2167 574 2196 ε
599 2141 842 2220 rursusque
867 2140 1118 2198 ascendere
1143 2141 1316 2199 coelum

104 2232 303 2311 Incipit·‚
330 2232 644 2312 Argivamque
669 2251 811 2290 ratem
841 2256 921 2312 per
943 2231 1153 2312 aplustria
1174 2232 1345 2290 summa
1364 2276 1380 2300 ,

108 2323 165 2378 Et
186 2320 385 2377 medium
406 2321 560 2377 mundi
586 2344 750 2400 gyrum
770 2366 784 2387 ‚
808 2321 1132 2402 Geminosque
1159 2346 1242 2402 per
1264 2322 1353 2379 ima

110 2411 249 2489 Signa
269 2409 451 2474 secans»,
477 2408 594 2466 subit
619 2411 1103 2490 Heniochum-,teque
1126 2414 1250 2469 unde
1279 2412 1546 2492 profectus,

114 2499 367 2579 Cassiepia,
389 2519 552 2578 petens
579 2501 712 2579 super
735 2500 879 2580 ipsum
906 2501 1065 2559 Persea
1088 2501 1276 2568 tranfit3

110 2593 382 2671 Orbemque
404 2616 459 2649 ex
482 2592 558 2649 illa
583 2612 786 2672 coeptum
811 2595 1051 2651 concludit
1073 2595 1116 2651 in
1144 2594 1266 2674 ipsa:

112 2685 321 2762 Tresque
341 2683 462 2741 secat
485 2684 665 2741 medios
691 2688 849 2763 Gyros
868 2728 882 2751 ,
910 2685 957 2743 ἅ
984 2685 1103 2765 signa
1125 2686 1354 2744 ferentem

115 2775 321 2833 Partibus
342 2799 368 2834 e
392 2775 510 2832 binis
528 2820 543 2842 ‚
570 2776 784 2854 quotiens
809 2777 1073 2855 praeciditur
1099 2777 1210 2857 ipse.

115 2869 220 2926 Nec
239 2867 508 2946 quaerendus
537 2868 635 2925 erit.
661 2868 791 2926 Visus
817 2867 1007 2926 incurrit
1036 2869 1080 2931 in
1109 2869 1235 2950 ipsos

120 2962 300 3038 Sponte
323 2959 397 3016 sua
414 3003 429 3026 ‚
450 2959 590 3039 seque
617 2959 714 3039 ipse
737 2962 880 3017 docet
897 3004 912 3027 .,
940 2960 1165 3040 cogitque
1188 2961 1353 3019 notari.

122 3053 335 3131 Namque
359 3052 405 3109 in
432 3053 633 3112 caeruleo
660 3053 862 3112 candens
887 3052 1003 3111 nitet
1031 3052 1178 3111 orbita
1200 3053 1409 3119 munde,

1600 203 1682 265 79

1577 1143 1698 1198 68oe

1588 1602 1707 1676 ⁶851

1597 2055 1715 2123 690

1605 2985 1720 3033 7022
