2165 3792
582 167 983 223 LIBER
1067 171 1137 226 V.

53 296 288 381 Corporis
306 345 320 367 ,
342 318 481 378 atque
505 322 618 357 auro
642 297 826 376 quaesita
849 296 911 353 est
936 297 1080 376 gratia
1101 298 1267 375 frontis
1288 311 1307 365 ζ

56 397 233 469 Perque
258 411 392 468 caput
415 389 535 446 duffi
558 388 767 466 lapides,
791 410 876 466 per
900 388 1023 443 colla
1043 431 1059 453 ,
1084 389 1373 467 ηῑᾶῑιῑιῖῳιες

58 485 117 538 Et
139 480 332 560 pedibus
357 480 505 537 niveis
528 479 754 536 fulserunt
776 498 911 535 aurea
936 478 1104 535 vincla.

58 571 189 647 Quid
210 571 364 650 potius
385 590 595 628 matrona
613 569 728 626 velit
748 568 938 626 traciam
963 589 1144 625 creatos
1165 612 1181 635 ‚

59 667 215 738 Quam
238 662 403 719 factum
430 682 652 719 revocare
674 659 779 717 suos
799 659 928 738 quod
952 658 1088 738 poffit
1106 659 1163 716 ad
1186 658 1326 718 usus?

61 759 130 814 Ac
155 775 212 811 ne
238 751 451 809 materies
478 751 554 808 tali
577 750 656 808 sub
683 774 873 809 munere
899 750 1047 818 defit,

61 849 288 921 Quaerere
318 843 398 900 sub
423 841 555 900 terris
575 865 732 899 aurum
752 889 767 911 ‚
790 843 1013 922 furtoque
1038 842 1255 902 latentem

32 983 35 989 ,
61 939 279 994 Naturam
303 957 466 992 eruere
496 957 684 993 omnem
700 979 714 1001 ‚
739 935 996 1014 orbemque
1023 935 1250 996 invertere
1272 939 1442 1018 praedae

61 1033 290 1106 imperat,
316 1026 366 1084 ἃ
389 1027 546 1107 glebas
570 1027 686 1084 inter
710 1027 1003 1107 deprendere
1027 1049 1182 1106 gazam
1201 1072 1217 1096 ,

66 1119 353 1198 Invitamque
377 1142 507 1176 novo
534 1119 720 1176 tandem
740 1119 1002 1198 producere
1026 1119 1171 1177 coelo,

63 1210 150 1268 Ille
176 1210 311 1268 etiam
334 1209 479 1267 fulvas
505 1210 664 1268 avidus
688 1209 943 1268 numerabit
966 1234 1126 1269 arenas
1145 1257 1162 1281 ‚

68 1299 412 1378 Perfundetque
439 1323 568 1357 novo
593 1300 801 1358 stillantia
822 1300 958 1358 litora
982 1319 1130 1380 ponto
1149 1345 1166 1369 ‚

70 1394 303 1469 Parvaque
325 1390 537 1448 ramentis
558 1390 693 1448 faciet
714 1412 952 1449 momenta
973 1392 1174 1449 minutis.

70 1482 304 1552 Protulit,
325 1502 373 1539 ut
391 1485 569 1564 legeret
591 1484 752 1541 census
775 1483 1025 1563 spumantis
1050 1483 1097 1542 in
1123 1498 1315 1556 aurum}

69 1577 128 1630 Et
148 1574 438 1653 perlucentes
464 1594 654 1653 cuperet
677 1575 888 1653 prensare
909 1573 1113 1652 lapillo&

72 1663 341 1722 Vorticibus
363 1662 526 1720 mediis
550 1664 719 1721 oculos
744 1663 959 1721 immittet
977 1688 1157 1723 avaros,

74 1761 132 1814 Et
158 1777 332 1836 coquet
355 1756 534 1836 argenti
557 1758 714 1836 glebas
735 1804 750 1825 ‚
773 1779 1034 1836 venamque
1061 1758 1281 1820 latentem

75 1851 245 1913 Eruet,
270 1847 320 1905 ὅς
342 1847 512 1905 silicem
532 1848 632 1906 rivo
656 1847 848 1905 saliente
871 1847 1082 1927 liquabit‚

76 1945 135 1998 Et
153 1940 255 1998 faffi
281 1962 513 1999 mercator
537 1941 624 2000 erit
651 1965 734 2022 per
757 1961 1001 2020 utrumque
1028 1941 1204 2000 metalli
1226 1967 1239 1999 t

78 2035 212 2091 Alter
236 2034 285 2092 &
306 2034 491 2092 alterius
514 2034 695 2115 semper
718 2034 910 2092 mutabit
933 2034 979 2091 in
1001 2035 1121 2092 usus.

79 2124 211 2182 Talia
235 2126 449 2204 Calliope
476 2126 738 2183 nascentum
766 2126 958 2205 pefkora
982 2126 1132 2205 fingit.

161 2216 475 2273 Andromedae
497 2216 700 2295 sequitur
723 2215 874 2289 fidus,
898 2239 1002 2296 quae
1020 2260 1034 2283 ,
1057 2215 1256 2276 Piscibus
1279 2217 1394 2277 ortis
1440 2271 1449 2276 -

81 2305 154 2364 Bis
178 2305 255 2364 sex
278 2305 325 2363 in
349 2325 499 2385 partes
515 2351 530 2374 ‚
551 2307 679 2363 ccelo
704 2306 835 2364 venit
860 2330 996 2365 aurea
1018 2307 1199 2366 dextro.

18 2393 20 2395 .
83 2400 212 2454 Hanc
238 2397 470 2475 quondam
494 2419 650 2475 poenae
673 2395 882 2452 dirorum
906 2396 1041 2476 culpa
1068 2417 1310 2475 pareutum

87 2487 331 2552 Prodidit,
355 2486 538 2544 infestus
564 2486 673 2544 totis
699 2510 801 2543 cum
826 2486 992 2544 finibus
1019 2487 1172 2545 omnis

86 2578 301 2637 Incubuit
326 2598 497 2658 pontus
515 2622 530 2644 ‚
556 2577 705 2635 timuit
727 2577 961 2656 naufragia
981 2578 1134 2636 tellus.

87 2672 327 2751 Proposita
350 2672 411 2729 est
433 2695 607 2729 merces
626 2718 642 2740 ,
666 2671 835 2729 vesano
858 2672 1030 2729 dedere
1053 2691 1207 2752 ponto

92 2765 425 2821 Andromedan
442 2808 454 2826 ,
478 2783 667 2822 teneros
692 2782 743 2820 ut
762 2764 914 2820 bellua
934 2764 1171 2822 manderet
1192 2784 1327 2824 artuS.

91 2858 178 2914 Hic
205 2862 483 2937 Hymenaeus
510 2879 631 2915 erat:
663 2857 853 2936 solaque
881 2856 924 2913 in
952 2858 1134 2937 publica
1157 2859 1319 2917 damna

94 2953 185 3006 Pro
209 2948 319 3008 natis
341 2950 577 3007 lacrimans
603 2969 792 3006 ornatur
814 2949 996 3006 viffima
1019 2973 1187 3028 poena,

99 3039 396 3120 Induiturque
419 3040 535 3097 sinus
558 3064 655 3100 non
681 3041 778 3098 haec
800 3040 845 3098 in
870 3062 980 3100 vota
1002 3062 1214 3122 partum,

1557 175 1668 242 191'

1565 685 1683 745 ‘520'

1567 1136 1676 1202 525}

1566 1599 1679 1655 33³1

1577 2057 1687 2120 535¹

1586 2518 1693 2571 540

1581 2975 1700 3036 545.
