2165 3792
445 226 556 304 382
686 214 1142 279 NOTITIA
1203 217 1802 277 LJTERARJA

646 367 707 397 na
746 358 1027 414 temporumve
1049 346 1216 413 injuria
1239 349 1480 413 depravata
1503 346 1784 412 offendisslrm5
1807 351 2045 403 Vetustum

638 416 873 466 Codicem
890 417 1040 475 naffus
1068 432 1162 462 cum
1192 412 1421 476 impreffis
1438 452 1451 473 ‚
1477 416 1553 479 qui
1571 416 1671 481 jam
1689 417 1814 482 vulgi
1843 420 2046 469 manibus

641 499 836 532 teruntur
851 521 864 541 .,
880 482 1046 530 contuli
1062 519 1076 542 ,
1086 481 1340 549 judicioque
1359 484 1566 529 deflorant
1591 486 1855 548 quorundam
1885 488 2047 536 amica.

643 570 734 600 rum
758 551 955 600 adhibito
981 550 1155 598 collatis
1173 550 1487 616 exemplaribus
1511 550 1657 597 limam
1677 569 1763 616 qua
1782 553 1883 616 fieri
1898 557 2047 620 potuit

636 620 876 686 diligentia
913 617 1162 665 addidimus
1190 637 1202 665 .·
1241 633 1289 666 ut
1310 616 1409 683 jam
1444 619 1766 666 emendatiorem
1802 622 2050 672 Manilium

645 706 772 754 quam
790 686 976 735 antehac
990 694 1178 748 unquam
1196 684 1243 730 in
1270 684 1400 731 lucem
1425 686 1693 750 proditurum
1712 701 1822 734 certo
1837 687 2048 754 affirmare

637 755 802 824 poffim.
841 751 1015 802 Aldina
1041 750 1266 813 quidem,
1291 751 1368 798 cui
1394 753 1439 800 &
1465 752 1686 817 Romana
1712 753 1757 803 ss
1780 756 2047 817 consentit,

648 823 766 872 baiis
786 819 923 869 fuiffe
946 818 1138 867 videtur
1160 816 1305 879 huius
1322 816 1630 871 Molinianae:
1653 821 1737 870 sed
1756 822 1924 885 passim
1939 819 2049 873 haec
2112 825 2114 827 ’

647 890 708 940 ab
734 889 827 937 illis
853 887 983 947 abit;
1011 886 1219 934 maxime
1240 884 1426 934 meliori
1455 886 1856 950 interpunctione.
1880 892 2050 941 Codex

647 975 744 1021 quo
776 955 889 1005 usus
909 954 1002 1014 est,
1023 953 1052 1002 fi
1074 953 1273 1017 quidem
1300 953 1394 1002 fuit
1411 954 1662 1016 vetustior,
1684 956 1916 1008 consensit
1935 972 2050 1010 cum

649 1022 884 1076 Parifi‘enfi
909 1023 1163 1071 recentiori
1192 1021 1292 1070 fere
1318 1020 1527 1083 ubique3
1555 1023 1773 1086 adeoque
1801 1025 1906 1076 haec
1938 1028 2050 1079 edi-

647 1095 718 1144 tio
748 1094 892 1142 etiam
928 1088 1078 1139 multa
1112 1090 1391 1138 communia
1422 1088 1569 1138 habet
1604 1106 1718 1140 cum
1755 1092 2052 1156 Regiomon.

646 1175 776 1212 tana.
807 1158 978 1211 Manil.
1000 1158 1074 1219 II,
1105 1172 1149 1208 v.
1181 1156 1244 1206 88
1277 1156 1545 1206 Moliniana
1575 1157 1678 1207 haec
1704 1176 1730 1208 a
1749 1159 1906 1212 Codd.
1937 1156 2045 1212 MS.

651 1234 697 1282 S:
727 1229 860 1279 libris
898 1225 1226 1291 principibus,
1255 1226 1336 1287 qui
1370 1225 1636 1274 constanter
1669 1225 1876 1278 habent:
1915 1230 2054 1293 Quod

646 1299 808 1347 titulus
825 1296 977 1363 felix,
1015 1295 1066 1343 in
1107 1292 1346 1343 diversum
1383 1292 1527 1356 legit:
1572 1295 1654 1342 Cui
1693 1296 1852 1344 titulus
1887 1298 2049 1348 Foelix.

648 1366 776 1417 Elias
805 1363 1003 1428 quidem
1030 1364 1244 1410 Stoeberus
1275 1361 1325 1409 in
1356 1361 1489 1424 praef.
1514 1359 1708 1412 Manilii
1737 1378 1797 1413 ex
1818 1363 1913 1414 hac
1940 1365 2052 1414 edi-

648 1436 811 1494 tione,
839 1443 985 1495 quam
1014 1430 1127 1479 licet
1145 1438 1284 1479 aetate
1314 1429 1483 1478 ceteris
1511 1429 1785 1479 inferiorem
1807 1434 1853 1481 ἃ,
1882 1433 2052 1481 formae

646 1502 819 1551 habitu
857 1499 1077 1549 omnium
1109 1497 1389 1557 minimam,
1416 1496 1563 1561 longe
1601 1508 1767 1548 tamen
1803 1498 1896 1549 illis
1929 1517 2051 1564 prae-

647 1571 927 1627 stantiorem
949 1566 1256 1616 accuratione
1279 1565 1535 1629 &ingenio
1562 1564 1632 1613 sui
1651 1567 1856 1617 auctoris
1875 1577 2018 1618 vocat
2032 1604 2049 1629 ‚

647 1640 796 1687 sei-ius
822 1636 907 1685 fibi
934 1634 1101 1685 oblata
1130 1632 1317 1683 duabus
1338 1634 1587 1697 postremis
1606 1639 1795 1684 fantum
1813 1635 2049 1700 plagulis,

651 1716 887 1770 quantum
913 1704 1026 1752 inde
1055 1702 1314 1767 profecerit
1330 1741 1344 1762 ‚
1365 1701 1471 1765 plus
1500 1718 1597 1750 uno
1623 1702 1734 1751 loco
1762 1703 2053 1753 demonstra-

648 1775 732 1825 vit.
763 1775 988 1822 Ceterum
1012 1770 1248 1822 Molinius
1270 1771 1490 1833 antiquos
1516 1770 1814 1820 accusativos
1831 1772 1902 1822 III
1924 1768 2052 1821 decl.

646 1844 696 1891 in
712 1846 752 1890 is
767 1841 995 1903 longum,
1017 1840 1097 1900 qui
1117 1837 1336 1901 obfident
1353 1848 1536 1886 veteres
1564 1839 1676 1887 edd.
1700 1839 1846 1887 etiam
1864 1840 1955 1888 Bru
1965 1838 2047 1886 ck-

644 1910 893 1966 nerkmas,
921 1906 1124 1953 correxit
1165 1906 1214 1951 in
1244 1923 1319 1962 es,
1347 1920 1441 1966 quo
1474 1905 1632 1953 minus
1667 1905 1895 1969 ambigua
1925 1906 2050 1954 foret

646 1975 807 2026 lectio.
835 1973 911 2023 Est
935 1984 1083 2036 penes
1104 1969 1355 2021 Cr‘ollium.

578 2120 795 2174 AETAS
827 2118 875 2169 II
910 2116 1251 2167 AMBIGUA
1286 2113 1367 2163 seu
1401 2110 1915 2165 SCALIGERIANA

1049 2201 1173 2252 1579
1194 2210 1296 2221 “-”
1321 2198 1446 2249 Ι739

451 2317 475 2350 a
502 2297 597 2361 jos.
629 2300 947 2346 Scazzcfifio
968 2332 982 2354 ‚
1014 2293 1097 2356 qui
1128 2293 1250 2341 curis
1278 2289 1371 2340 suis
1397 2290 1593 2354 primiS,
1629 2291 1849 2342 secundis
1882 2295 1928 2343 δε
1954 2302 2053 2343 ter-2

652 2367 730 2414 tiis
763 2365 814 2412 in
843 2361 1100 2413 Manilium
1131 2359 1346 2420 collatis,
1370 2368 1558 2408 tantum
1585 2359 1814 2422 praecelh‘t
1840 2362 2051 2424 priores,

650 2442 885 2496 quantum
926 2447 954 2480 a
982 2430 1103 2479 Cod.
1139 2426 1359 2478 omnium
1395 2426 1716 2491 antiquiffimo
1755 2431 1799 2478 Sc
1831 2428 2051 2492 optimo,

655 2501 953 2564 Gemblacenfi
966 2537 979 2558 ,
1015 2500 1059 2548 &
1080 2514 1107 2546 a
1131 2496 1314 2561 judicio
1341 2496 1533 2544 adiutus
1561 2495 1684 2556 fuit3
1712 2506 1945 2558 quantum
1969 2514 2052 2548 ve-

653 2585 708 2618 ro
736 2567 928 2631 ingenio
961 2563 1175 2628 quamvis
1200 2564 1417 2613 doctrina
1444 2563 1570 2624 alto,
1599 2563 1804 2613 confisus
1824 2565 1916 2626 est,
1934 2582 2051 2627 prae-

649 2646 721 2685 ter
745 2636 816 2684 fas
840 2634 1098 2685 Manilium
1115 2671 1130 2695 ,
1156 2642 1210 2681 ut
1234 2631 1391 2691 suum,
1412 2631 1488 2680 vel
1515 2631 1857 2685 contaminasse
1877 2632 1955 2681 vel
1981 2632 2051 2681 la*

651 2702 826 2753 cerafl'e
865 2702 1111 2761 censetur,
1149 2701 1296 2749 etiam
1328 2698 1457 2760 Julio
1486 2701 1736 2748 Pontederae
1766 2700 1891 2749 Prof.
1918 2700 2054 2750 Pata-

652 2772 766 2823 vino
792 2771 843 2820 in
873 2787 948 2834 ep.
980 2771 1041 2819 ad
1070 2769 1328 2820 Maranum
1362 2768 1422 2817 de
1457 2765 1646 2818 Manilii
1673 2767 1970 2817 Astronomia
2005 2771 2050 2817 &

655 2855 780 2889 anno
801 2837 993 2887 coelesti.
1019 2839 1134 2888 Non
1153 2836 1246 2885 alio
1274 2835 1471 2899 quidem
1499 2850 1643 2898 opere
1668 2835 1818 2898 magis
1845 2834 1930 2883 fibi
1950 2833 2051 2897 pla-

655 2908 755 2956 cuit
775 2906 855 2955 ille
870 2945 883 2967 ‚
903 2922 1046 2969 quam
1069 2905 1195 2954 notis
1213 2904 1264 2952 in
1286 2901 1562 2964 Manilium,
1584 2918 1639 2952 ac
1663 2900 1911 2952 maledixit
1927 2903 2048 2950 adeo

655 2976 821 3025 franc,
863 2975 1074 3034 JUNIO,
1108 2973 1189 3035 qui
1229 2987 1377 3021 novas
1410 2970 1542 3020 lectt.
1581 2987 1639 3019 ex
1674 2971 1782 3022 cod.
1818 2969 1964 3020 Palat.
2003 2972 2049 3019 δε

656 3054 796 3093 notas
826 3041 1154 3105 Scaligerianis
1181 3037 1435 3101 junxerat3
1471 3053 1562 3087 nec
1592 3049 1757 3087 tamen
1775 3038 1824 3086 in
1847 3036 1939 3086 alio
1968 3035 2049 3086 sae—

653 3111 763 3174 pius
794 3108 1141 3172 hallucinatum
1166 3107 1353 3171 judicat
1376 3107 1575 3173 Haedus
1605 3106 1658 3162 L.
1687 3106 1729 3158 V
1750 3097 2044 3157 Commlentt„
