2165 3792
466 215 609 270 DE
671 214 737 269 P.
808 210 1317 267 VIRGJLJO.
1566 226 1685 283 329

364 344 408 392 is
440 361 538 393 non
579 345 628 393 in
665 363 712 391 es
742 341 1037 392 terminetur.
1102 343 1224 392 Urbs
1243 379 1256 401 ,
1290 340 1412 388 urbes
1431 375 1447 400 ,
1483 339 1684 400 urbium,

365 413 500 463 urbis.
533 414 655 460 Gens
672 448 686 471 ,
711 424 888 476 gentes,
912 409 1133 474 gentium,
1162 408 1321 473 gentis.
1377 408 1533 457 Omnis
1554 443 1568 466 ,
1597 424 1687 454 om-

365 498 471 540 nes,
503 479 717 536 omnium,
749 477 904 524 omnis.
948 474 1076 524 Hinc
1113 475 1300 522 initium
1335 473 1687 524 Sallustianum.

369 548 530 596 Omnis
556 545 744 593 homines
762 541 947 591 summa
967 558 1060 605 ope
1085 541 1201 589 eniti
1230 542 1383 590 decet.
1416 543 1571 603 Atque
1596 540 1691 588 hac

366 614 430 663 de
453 628 502 662 re
528 626 636 660 cum
665 609 951 672 Priscianus,
978 621 1080 658 tum
1102 608 1180 657 alii
1206 624 1263 656 ex
1293 608 1493 670 antiquis
1525 609 1692 658 Gram-

365 681 552 729 maticis
571 715 584 737 ,
622 677 672 724 in
704 678 867 741 primis
891 678 944 727 A.
977 676 1156 727 Gellius
1175 713 1189 735 ,
1218 675 1424 723 ubertim
1462 685 1688 738 egerunt:

367 747 448 809 qui
475 744 687 808 ‘disputat
721 744 944 809 operose,
982 759 1066 794 cur
1092 743 1232 793 Maro
1264 757 1392 791 nunc
1421 743 1528 803 tris,
1561 757 1693 790 nunc

367 831 453 863 tres
482 813 664 861 dixerit.
701 829 812 861 nam
845 813 976 875 quod
1002 815 1105 862 treis
1133 813 1177 861 ἃ
1207 812 1369 859 omneis
1403 812 1447 859 Sc
1476 811 1613 856 urbeis
1645 811 1692 858 &

367 883 516 949 queis,
537 880 722 943 aliaque
748 881 798 929 id
828 896 976 944 genus
1000 897 1098 930 non
1123 893 1304 943 pauca,
1325 878 1491 941 paffim
1517 879 1564 925 in
1582 875 1695 925 vul-

369 949 488 1013 gatis
526 950 634 997 edd.
669 956 957 1007 occurrunt,
986 965 1041 997 ea
1075 949 1342 998 Pacuviano
1383 946 1694 1005 Ennianoque

367 1018 513 1080 digna
546 1027 797 1080 tempore,
830 1032 929 1064 non
954 1014 1211 1078 Virgiliano
1253 1014 1528 1064 censeamus
1566 1012 1698 1060 licet.

365 1084 532 1135 Habet
562 1084 689 1133 enim
716 1084 765 1132 in
797 1082 976 1133 deliciis
1007 1083 1146 1132 Maro
1173 1082 1459 1131 archaismos
1487 1096 1542 1129 ac
1565 1092 1698 1129 vete-

368 1167 440 1200 res
470 1150 696 1214 loquendi
732 1152 934 1209 modos,
971 1150 1051 1198 sed
1086 1150 1240 1198 sobrie
1274 1150 1323 1198 id
1357 1165 1412 1198 ac
1437 1163 1608 1210 parce,
1639 1155 1696 1193 ut

366 1221 487 1268 mira
520 1219 585 1267 est
620 1219 733 1267 huic
774 1229 928 1282 poetae
969 1217 1304 1280 castigatissimi
1338 1215 1503 1281 judicii
1533 1215 1602 1263 vis
1643 1212 1696 1261 in

368 1287 609 1336 omnibus
662 1287 778 1336 Eam
815 1298 941 1334 certe
977 1284 1214 1334 scribendi
1249 1284 1484 1333 rationem
1513 1281 1597 1330 illo
1621 1280 1698 1328 vi·-

368 1369 512 1403 vente
545 1353 797 1403 obtinuiffe
814 1392 827 1414 ,
849 1363 903 1402 ut
928 1354 1068 1402 omnis
1082 1391 1096 1414 ,
1117 1356 1161 1402 ἃ
1179 1353 1300 1400 urbis
1330 1352 1546 1400 dicerent
1563 1388 1575 1409 ,
1597 1363 1697 1396 non

369 1424 512 1470 urbeis
549 1432 632 1470 aut
659 1423 818 1469 omneis
838 1459 851 1481 ,
879 1421 929 1468 in
962 1431 1128 1483 quarto
1163 1419 1273 1469 casu
1305 1416 1509 1482 plurali,
1534 1432 1593 1465 ex
1622 1416 1697 1478 ip-

369 1489 427 1537 iis
466 1489 654 1539 Caesaris
688 1489 880 1552 Augusti
920 1489 1129 1537 nummis
1164 1486 1347 1550 liquido
1389 1494 1614 1548 apparet,
1643 1483 1697 1530 in

371 1572 576 1619 quorum
599 1572 698 1606 non
725 1556 889 1619 paucis
905 1593 918 1616 ,
938 1556 1067 1619 apud
1095 1571 1172 1603 me
1193 1553 1480 1603 exstantibus
1496 1590 1509 1611 ,
1540 1551 1695 1600 civica

370 1623 626 1674 exhibetur
648 1640 828 1673 corona
852 1639 963 1672 cum
992 1623 1082 1672 hac
1105 1622 1413 1685 inscriptione
1440 1634 1511 1670 OB
1536 1631 1694 1669 CJVIS

373 1704 688 1743 SERVATOS.
727 1691 920 1742 Exstant
950 1693 995 1741 ἃ
1023 1690 1237 1753 ejusdem
1275 1688 1469 1751 Augusti
1507 1684 1699 1736 Caesaris

368 1758 690 1819 numismata,
737 1775 942 1821 quorum
982 1757 1041 1806 ab
1078 1758 1225 1806 altera
1260 1771 1392 1819 parte
1438 1755 1546 1804 Divi
1583 1752 1700 1813 Julii

367 1826 529 1889 imago
559 1825 625 1874 est
660 1825 901 1888 expressa,
938 1825 1111 1874 additis
1145 1824 1273 1872 hisce
1313 1823 1481 1871 litteris
1509 1821 1699 1871 DIVOS

367 1893 398 1953 J
404 1906 535 1943 ULIU
543 1906 566 1943 S
582 1932 596 1953 ,
621 1908 720 1941 non
738 1892 937 1943 DIVUS.
969 1892 1097 1942 Hinc
1124 1892 1264 1939 toties
1287 1891 1415 1952 apud
1441 1888 1701 1939 Maronem

370 1960 421 2008 in
446 1959 822 2023 praestantissimis
850 1958 982 2008 libris
1021 1959 1270 2018 Volcanus,
1306 1957 1479 2024 Volsci,
1507 1956 1666 2003 volnus
1684 1990 1701 2014 ,

369 2028 530 2092 volgus
543 2064 557 2086 ,
573 2044 706 2075 aevom
723 2064 736 2086 ,
753 2045 897 2090 equom
915 2064 929 2085 ‚
948 2028 1093 2074 divom
1120 2027 1164 2074 ὁὶ
1189 2023 1366 2073 similia.
1386 2023 1630 2087 quomodo
1653 2024 1704 2070 <Sc

372 2092 423 2140 in
454 2092 728 2155 pervetustis
755 2092 1007 2152 Varronis,
1034 2092 1212 2152 Plauti,
1231 2092 1472 2151 Terentii,
1494 2090 1702 2141 Lucretii

371 2158 719 2222 exemplaribus
754 2157 982 2222 scriptum
1011 2158 1214 2222 reperias
1245 2157 1429 2221 passim.
1461 2187 1561 2197 —
1591 2158 1705 2206 Uli·-

375 2245 455 2274 xes
486 2227 550 2275 est
576 2227 626 2274 in
653 2225 821 2275 iisdem
850 2225 1078 2288 exemplis
1109 2225 1373 2274 constanter
1403 2226 1698 2284 admodum,

373 2310 519 2355 quem
553 2309 680 2343 nunc
703 2293 899 2358 Ulyffim
927 2293 1173 2343 scribimus
1204 2309 1451 2355 perperam
1484 2309 1537 2342 ac
1571 2293 1698 2341 malo

373 2361 630 2425 exemplo,
667 2362 737 2410 uti
781 2362 955 2410 certius
994 2360 1317 2411 animadversa
1351 2361 1415 2411 ad
1445 2361 1701 2410 Maronem

375 2429 532 2478 nostra
562 2429 798 2479 evincent.
832 2463 868 2490 „

113 2497 237 2561 1677
308 2496 521 2544 Farnabii
560 2497 630 2558 V,
663 2511 704 2544 c.
745 2496 857 2559 figg.
903 2495 1046 2545 Amst.
1091 2515 1163 2549 12.

113 2564 237 2617 1680
305 2563 645 2626 Emmeneffiana
669 2581 681 2615 ε
709 2563 758 2613 Ρ.
789 2565 845 2614 V.
871 2562 945 2614 M.
980 2564 1137 2627 Opera
1163 2564 1213 2613 in
1243 2572 1336 2613 tres
1368 2572 1527 2614 tomos
1556 2564 1703 2614 divisa

310 2646 352 2680 c.
382 2648 429 2680 n.
463 2632 657 2695 integris
695 2631 862 2691 Servii,
896 2632 1172 2696 Philargyrii
1192 2671 1205 2692 ,
1240 2647 1330 2681 nec
1357 2649 1455 2681 non
1489 2633 1531 2692 J.
1561 2633 1702 2680 Pierii

306 2699 416 2747 Var.
455 2697 561 2749 lec‘t.
594 2701 638 2748 δι
669 2697 878 2748 [0106ὶίΗῖ
913 2697 1144 2762 plerisque
1181 2700 1475 2749 Commentt.
1496 2702 1704 2761 Donati,

310 2767 474 2827 Probi,
504 2767 709 2827 Nannii,
741 2766 898 2815 Sabini
915 2804 932 2824 ‚
962 2766 1168 2815 Germani
1189 2766 1431 2834 (Valentis
1448 2805 1461 2828 ,
1481 2767 1503 2826 )
1530 2770 1666 2817 Cerdae
1685 2805 1701 2828 ,

312 2834 579 2882 Taubmanni
609 2836 653 2883 8<
683 2832 814 2883 alior.
851 2833 1038 2896 Quibus
1069 2850 1166 2884 acc.
1189 2834 1440 2886 observatt.
1470 2835 1571 2894 JaC.
1594 2838 1705 2882 Em-

309 2900 520 2962 metzeffii,
552 2916 662 2950 cum
703 2902 864 2951 indice
899 2902 1141 2966 Erythraei.
1178 2903 1328 2963 Lugd.
1364 2902 1416 2953 B.
1468 2905 1511 2952 δε
1557 2902 1701 2953 Amst.

313 2984 372 3017 ex
397 2968 478 3016 off.
513 2969 666 3018 Hack.
693 2968 738 3020 8.
773 2986 795 3036 3
835 2968 949 3017 voll.
988 2970 1196 3019 Textum
1237 2970 1443 3032 sequitur
1481 2969 1704 3020 Heinsia—

313 3051 430 3084 num
469 3051 543 3084 an.
595 3038 732 3102 1676.
802 3036 948 3086 Servii
996 3036 1182 3086 Comm.
1229 3053 1287 3086 ex
1336 3038 1589 3087 Genevensi
1625 3039 1704 3088 ed.

320 3104 472 3171 1636,
506 3119 608 3168 quae
645 3105 858 3168 quamvis
892 3104 1160 3157 mendofior
1192 3103 1274 3158 illa
1303 3104 1514 3158 Danielis
1550 3107 1700 3169 1600,
