2165 3792
509 217 586 296 78
958 220 1040 275 M.
1132 221 1700 279 MANJLJJ

509 348 715 423 Quando
741 348 841 406 aliis
863 350 985 407 aliud
1009 352 1210 410 medium
1237 354 1313 410 est,
1337 355 1480 412 Volat
1505 355 1618 413 hora
1642 378 1728 434 per
1753 354 1944 414 orbem:
2005 362 2122 424 640

508 443 667 517 Atque
689 440 767 497 ubi
796 441 1020 521 septimis
1046 445 1235 501 extollit
1259 444 1457 502 Phoebus
1483 446 1538 502 ab
1561 445 1695 502 undis
1713 489 1729 512 ‚

507 528 604 586 Illis
627 529 749 588 sexta
768 552 922 589 manet
941 578 955 601 ‚
977 556 1096 611 quos
1120 551 1216 589 tum
1242 532 1408 610 premit
1431 556 1594 590 aureus
1620 536 1761 593 orbis,

507 624 676 682 Rursus
699 626 755 682 ad
784 625 1035 706 Hesperios
1064 626 1188 683 sexta
1211 625 1304 692 est,
1328 624 1407 682 ubi
1436 626 1559 683 cedit
1585 626 1630 683 in
1657 629 1867 686 umbras:

504 719 610 774 Nos
636 717 825 796 primam
851 741 901 775 ac
924 717 1140 775 summam
1164 717 1334 775 sextam
1362 741 1654 776 numeramus
1677 739 1919 802 utramque
1936 765 1954 790 ‚

506 810 566 864 Et
593 809 797 887 gelidum
821 830 1031 865 extremo
1053 809 1207 865 lumen
1232 807 1450 865 sentimus
1475 809 1531 867 ab
1557 809 1682 890 igne.
2003 821 2113 889 645

505 899 711 957 Alterius
736 899 847 956 fines
873 898 902 955 fi
927 899 995 956 vis
1022 899 1316 977 cognoscere
1338 899 1443 979 gyri
1460 945 1476 967 ‚

506 991 767 1048 Circumfer
788 989 946 1047 faciles
975 991 1142 1048 oculos
1159 1037 1175 1059 ‚
1197 991 1468 1070 vultumque
1490 1014 1574 1070 per
1595 991 1776 1049 orbem.

502 1079 751 1158 Quidquid
778 1078 863 1135 erit
887 1078 1091 1158 coelique
1116 1078 1255 1136 imum
1275 1098 1506 1158 terraeque
1532 1081 1794 1160 supremum
1811 1126 1828 1151 ,

502 1178 612 1251 Qua
639 1173 737 1232 coit
762 1173 860 1253 ipse
886 1173 966 1229 sibi
990 1173 1120 1230 nullo
1147 1171 1410 1231 discrimine
1438 1173 1634 1230 mundus
1654 1219 1670 1243 ‚

501 1266 769 1344 Redditque
789 1284 864 1322 aut
886 1265 1052 1344 recipit
1073 1264 1299 1343 fulgentia
1321 1264 1464 1322 sidera
1486 1284 1640 1344 ponto
1659 1310 1676 1334 .,
2002 1270 2116 1342 650

500 1359 751 1437 -Praecingit
769 1357 896 1415 renui
923 1356 1225 1414 transversum
1249 1356 1398 1413 limite
1421 1358 1660 1413 mundum.

500 1455 621 1509 Haec
643 1474 834 1530 quoque
857 1474 940 1530 per
960 1470 1113 1507 torum
1137 1447 1352 1507 volitabit
1375 1449 1498 1506 linea
1523 1451 1715 1507 coelum.

501 1546 643 1602 Nunc
666 1563 838 1601 tantum
861 1543 916 1598 ad
938 1542 1138 1598 medium
1163 1563 1364 1619 vergens
1386 1585 1399 1607 ‚
1422 1542 1722 1620 mediumque
1745 1556 1940 1619 repente

501 1633 683 1691 Orbem
704 1676 719 1697 ,
744 1654 864 1688 nunc
892 1630 1068 1710 septem
1090 1631 1145 1686 ad
1165 1631 1311 1687 stellas
1330 1675 1345 1697 ‚
1372 1655 1490 1688 nunc
1515 1652 1641 1689 mota
1664 1632 1744 1688 sub
1765 1631 1890 1692 astra.

502 1724 596 1780 Sed
618 1745 903 1802 quocunque
929 1745 1059 1801 vagae
1083 1720 1269 1778 tulerint
1296 1722 1488 1800 vestigia
1513 1724 1681 1802 plantae
1995 1726 2060 1792 65
2081 1740 2105 1794 ς

501 1819 594 1873 Has
618 1815 765 1871 modo
789 1833 1007 1870 terrarum
1031 1856 1045 1874 ,
1070 1835 1191 1869 nunc
1214 1813 1289 1870 bas
1314 1813 1563 1891 gradientis
1586 1812 1633 1870 in
1661 1836 1763 1871 oras
1779 1857 1796 1882 ‚

500 1911 698 1985 Semper
719 1904 805 1962 erit
829 1928 978 1961 novus
1004 1904 1052 1962 ὅ(
1077 1903 1207 1961 terris
1232 1905 1480 1962 mutabitur
1500 1927 1628 1962 arcus
1650 1931 1661 1961 ε

502 2000 733 2079 (Quippe
757 1997 879 2054 aliud
902 1996 1073 2053 coelum
1099 1995 1346 2052 ostendens
1369 1996 1586 2074 aliudque
1609 1993 1877 2074 relinquens
1894 2036 1911 2062 ,

502 2092 757 2151 Dimidium
779 2090 898 2170 tegit
918 2110 1056 2169 atque
1080 2089 1264 2166 refert)
1286 2088 1512 2167 varioque
1535 2086 1714 2146 notabit

499 2184 647 2251 Fine,
673 2185 723 2242 ἃ
753 2207 854 2241 cum
878 2179 977 2238 visu
1005 2180 1173 2260 pariter
1195 2181 1270 2238 sua
1294 2180 1369 2238 fila
1394 2199 1650 2238 movente&
1993 2184 2109 2237 660

499 2279 589 2336 Hic
613 2276 831 2335 terrestris
855 2275 939 2332 erit
955 2320 971 2342 .,
995 2273 1098 2352 quia
1122 2296 1286 2331 terram
1308 2272 1599 2351 ampleffitur
1617 2317 1631 2339 ‚
1659 2271 1783 2331 orbis
1802 2317 1820 2342 ‚

499 2376 558 2431 Et
581 2371 800 2429 mundum
825 2369 964 2448 plano
988 2367 1233 2448 praecingit
1251 2367 1396 2424 limite
1426 2388 1566 2446 gyrus
1582 2409 1597 2432 ‚

502 2471 657 2545 Atque
681 2464 864 2522 trahens
887 2487 911 2520 a
932 2461 979 2518 se
1003 2461 1184 2518 titulum
1203 2505 1217 2527 ‚
1238 2480 1521 2517 memoratur
1540 2459 1769 2517 Horizon.

582 2557 663 2614 His
685 2554 815 2613 adice
840 2553 1062 2630 obliquos
1084 2552 1363 2629 adversaque
1385 2550 1461 2606 fila
1485 2550 1715 2607 trahentes

496 2650 622 2704 {nter
649 2645 693 2701 se
720 2665 891 2722 gyros:
919 2664 1117 2720 quorum
1140 2640 1366 2719 fulgentia
1387 2639 1510 2717 figna
1986 2645 2096 2711 665

499 2738 632 2795 Alter
652 2735 790 2791 habet
806 2778 820 2800 ‚
844 2755 926 2812 per
946 2755 1050 2810 quae
1074 2732 1274 2788 Phoebus
1291 2731 1558 2787 moderatur
1582 2729 1807 2786 habenas:

497 2824 889 2904 Subsequiturque
909 2823 992 2879 suo
1015 2822 1175 2879 Solem
1194 2844 1310 2900 vaga
1331 2821 1466 2878 Delia
1485 2844 1647 2877 curru:

496 2919 553 2973 Et
579 2916 783 2994 quinque
803 2914 997 2970 adverso
1026 2911 1240 2969 lusiantia
1263 2912 1405 2968 sidera
1426 2912 1603 2969 mundo

500 3010 729 3063 Exercent
747 3003 889 3062 varias
911 3024 1083 3060 naturae
1104 3004 1211 3082 lege
1233 3003 1443 3063 choreas,

521 3103 633 3157 lunc
657 3117 828 3157 tenera
849 3099 1026 3157 summo
1053 3100 1233 3154 Cancer
1251 3138 1267 3163 ‚
1288 3095 1601 3176 Capricornus
1622 3096 1676 3156 ab
1701 3095 1826 3158 imo:
1972 3106 2086 3170 670
