2165 3792
429 250 547 310 314
668 229 1126 289 NOTITIA
1176 222 1791 289 LITERARIA

628 362 697 411 mi
720 371 830 411 nata
846 400 859 422 ,
886 361 1061 426 partim
1081 379 1106 411 e
1134 363 1346 413 virorum
1372 363 1624 411 doctorum
1655 361 1786 411 libris
1805 370 2025 425 excerpta

629 430 793 490 dedit3
826 429 1041 490 ejusdem
1073 431 1135 480 H.
1171 432 1238 480 St.
1265 430 1558 479 schediasma
1591 430 1650 478 de
1686 429 1861 478 dilectu
1881 432 1929 478 in
1959 431 2024 479 eli-

628 497 768 545 verfis
795 498 925 560 apud
955 497 1207 561 Virgilium
1233 497 1519 548 lectionibus
1563 496 1857 547 adhibendo.
1900 498 2027 561 typis

626 564 776 614 Henr.
810 564 1057 634 Stephani.
1103 565 1149 614 8.

631 641 872 719 Virgilius.
904 643 1112 708 Francos.
1154 642 1225 693 EX
1253 640 1334 691 off.
1360 641 1606 692 haeredum
1633 640 1803 692 Christ.
1829 640 2031 708 Egenol-

427 710 803 827 ——Ilylalmg
851 776 1114 838 Hortensii,
1145 773 1421 825 Montfortii
1463 778 1689 830 Enarratt.
1733 803 1824 813 ——-
1842 775 1892 823 in
1930 774 2033 824 XII

629 843 779 892 libros
822 844 869 893 P.
913 843 969 890 V.
1018 842 1089 892 M.
1133 842 1378 893 AEneidos.
1430 845 1518 895 His
1565 861 1665 894 acc.
1707 841 2031 895 Nascimbaeni

630 911 945 977 Nascimbaenii
980 908 1032 956 in
1065 909 1276 972 priorem
1305 910 1354 959 P.
1395 910 1451 961 V.
1493 913 1720 976 Epopoeae
1747 920 2029 974 partem——

632 977 903 1041 explanatio
938 978 1026 1026 &o
1060 976 1248 1027 Bafileae
1277 994 1335 1027 ex
1365 978 1446 1027 off.
1479 980 1912 1043 Henrico-petrina.
1941 975 2032 1025 sol.

633 1056 691 1106 In
722 1057 769 1106 P.
808 1058 864 1105 V.
899 1056 969 1106 M.
1009 1056 1125 1106 Buc.
1158 1059 1354 1106 Annott.
1390 1058 1453 1108 H.
1491 1059 1667 1106 Eobam‘
1697 1057 1830 1108 Heffi
1860 1058 2032 1106 Poetae.

635 1123 829 1174 Scholia
877 1125 993 1172 item
1041 1124 1187 1174 Leon.
1241 1127 1495 1174 Kulmanni
1516 1165 1531 1185 ‚
1575 1125 1747 1189 quibus
1780 1124 2037 1173 artificium

634 1191 836 1243 Rhetor.
868 1191 1153 1254 explicatur.
1194 1191 1364 1242 Colon.
1399 1194 1596 1257 Agripp.
1624 1193 1683 1242 ad
1708 1192 2037 1256 intersignium

632 1259 983 1309 Monocerotis.
1013 1259 1058 1308 8.

437 1326 562 1395 1578
631 1327 680 1377 P.
711 1327 767 1377 V.
801 1328 872 1377 M.
915 1327 1172 1388 Poemata,
1214 1344 1317 1391 quae
1357 1330 1566 1389 exstant,
1612 1328 1789 1376 omnia.
1838 1326 2036 1386 adjec'tis

636 1394 749 1458 figg.
792 1395 978 1458 egregie
1007 1395 1206 1458 depiciis
1244 1398 1288 1445 &
1319 1396 1500 1446 docliss'.
1531 1397 1743 1445 virorum
1769 1393 1962 1442 scholiis
1983 1407 2039 1440 ac

632 1472 819 1512 annott.
848 1462 1023 1524 partim
1050 1462 1252 1512 antehac
1269 1501 1282 1522 7
1310 1465 1485 1528 partim
1503 1480 1632 1511 nunc
1657 1463 1867 1527 primum
1886 1500 1900 1518 ,
1918 1459 2040 1524 pub-

634 1529 805 1579 licatis.
847 1530 1052 1596 Francos.
1093 1532 1221 1593 aqud
1257 1531 1373 1581 Geo.
1420 1534 1679 1589 Corvinum,
1708 1530 1931 1592 impensis
1965 1529 2040 1586 Jo.

636 1599 931 1663 Feyerabend.
962 1597 1006 1647 8.
1027 1614 1085 1647 ex
1109 1600 1257 1662 priori
1295 1600 1419 1667 1567
1447 1598 1723 1662 exemplum
1752 1599 2041 1661 Tigurinum

643 1681 660 1711 1
680 1682 769 1731 570
794 1664 969 1714 secuta.

636 1731 750 1781 Buc.
776 1736 820 1782 ἅτ
842 1733 1013 1796 Georg.
1047 1748 1085 1784 c.
1109 1733 1340 1797 praelecto
1376 1735 1425 1784 P.
1449 1735 1598 1784 Rami.
1620 1733 1757 1784 Paris.
1777 1749 1863 1796 per
1892 1732 2036 1782 Andr.

639 1804 710 1850 W
709 1801 909 1848 echelum.
955 1801 1001 1849 8.

442 1878 567 1945 1580
636 1878 937 1927 Plancis-tiana
962 1876 1026 1927 [V
1046 1879 1284 1925 Pulmanni
1310 1878 1464 1926 studio
1496 1881 1723 1926 correcta.
1753 1878 1865 1926 Ace.
1891 1875 2041 1925 Paulli

637 1947 774 1993 Man.
805 1954 987 1993 annott.
1023 1948 1112 1994 &o
1134 1950 1224 2010 (ut
1253 1945 1302 1993 in
1327 1946 1437 1993 edd.
1468 1946 1619 2011 1566,
1656 1944 1778 2012 1568
1810 1947 1854 1993 δε
1881 1944 2040 2012 1572)

638 2014 785 2061 Αηῐν.
823 2013 959 2077 Chplz.
1004 2013 1078 2059 Pl.
1110 2012 1154 2059 8.

640 2089 819 2138 Aldina
865 2089 910 2137 Π
966 2105 1078 2136 cum
1118 2088 1312 2137 scholiis
1349 2089 1423 2148 Jo.
1466 2104 1492 2135 a
1529 2090 1713 2151 Meyen.
1757 2088 1926 2135 Venet.
1967 2102 2042 2148 ap.

641 2155 817 2205 Aldum
854 2155 901 2204 P.
936 2155 969 2203 f.
1001 2156 1045 2204 8.
1093 2156 1203 2204 vide
1233 2172 1307 2204 an.
1352 2157 1490 2220 1576.

640 2224 755 2273 Buc.
781 2225 825 2272 Sc
848 2223 1018 2286 Georg.
1041 2221 1310 2287 paraphrasi
1340 2222 1548 2285 expofita
1580 2238 1607 2269 a
1633 2222 1810 2271 Nicod.
1837 2220 2045 2286 Frisclzli-

639 2310 707 2340 no.
729 2289 993 2354 Tubingae,
1023 2290 1067 2340 8.

442 2371 564 2440 1581
642 2371 853 2437 Tigurina
877 2371 947 2420 V:
984 2371 1144 2434 Opera
1174 2385 1214 2422 c,
1239 2368 1388 2417 schol.
1420 2366 1690 2418 Melancht.
1725 2368 1768 2416 ἃ
1797 2364 1854 2416 al.
1881 2364 2042 2431 Tiguri-

644 2438 689 2487 8.
723 2437 834 2486 vide
860 2454 936 2487 an.
983 2454 1122 2505 1570.

440 2507 808 2569 ----—Opera
841 2521 882 2555 C.
917 2522 963 2554 n.
1000 2503 1358 2568 marginalibus.
1395 2503 1615 2567 Lugdun.
1655 2519 1726 2550 12.

644 2583 961 2648 Bersmaniatza
997 2580 1017 2629 l
1041 2597 1051 2629 :
1089 2580 1137 2629 P.
1165 2580 1223 2628 V.
1250 2579 1321 2629 M.
1352 2594 1463 2626 cum
1489 2578 1616 2626 notis
1645 2578 1782 2639 Greg.
1803 2576 2045 2642 Bersmani.

645 2649 768 2711 Lips.
790 2650 833 2698 8.
851 2663 890 2696 c,
908 2648 1019 2711 figg.
1037 2646 1314 2697 Bersmanus
1344 2645 1524 2695 scholia
1542 2647 1591 2693 in
1608 2645 1870 2707 marginem
1890 2644 2047 2707 coegit

643 2717 817 2780 partim
848 2732 905 2764 ex
934 2725 1048 2764 vett.
1074 2724 1259 2763 annott.
1288 2714 1463 2776 partim
1495 2730 1552 2762 ex
1585 2711 1851 2761 recentibus
1877 2710 2048 2771 Joach.

650 2784 910 2844 camerarii,
946 2783 996 2832 P.
1029 2784 1230 2843 Vifiorii,
1268 2782 1378 2831 Adr.
1416 2782 1625 2840 Turnebi,
1657 2779 1752 2839 Jos.
1798 2779 2045 2845 Scaligeri,

648 2853 808 2901 Germ.
861 2851 1096 2910 Valentis,
1132 2850 1195 2899 H.
1241 2850 1484 2914 Stephani,
1506 2911 1509 2913 Β
1535 2847 1628 2897 Ob.
1689 2847 1907 2913 Giplzanii
1953 2848 2045 2895 &C-

649 2916 1149 2968 Commentationibus
1191 2919 1235 2966 ἅ
1271 2916 1495 2964 emendd.
1525 2915 1695 2977 partim
1727 2930 1784 2962 ex
1812 2912 1894 2961 sua
1927 2913 2045 2960 doc-

646 2987 781 3034 trinae
823 3002 951 3048 penu
993 2984 1180 3033 addidit
1214 2993 1355 3046 atque
1398 2984 1448 3030 in
1490 2981 1707 3031 locorum
1746 2980 2046 3043 quorundam

651 3052 919 3102 difficilium
940 3051 1256 3115 explicatione
1276 3050 1383 3099 usus
1402 3049 1467 3098 est
1499 3051 1646 3098 veteri
1672 3050 1775 3099 MS.
1803 3050 1936 3108 cujus
1966 3061 2045 3092 co-

652 3120 785 3184 piam
816 3121 899 3184 ipfi
928 3121 1106 3169 fecerat
1138 3119 1260 3170 Lud.
1290 3117 1626 3187 Camerarius„
1649 3115 1816 3177 Joach.
1858 3115 1895 3165 f.
1940 3112 2045 3163 Post
