2165 3792
653 36 669 58 7
677 28 679 30 .

533 227 578 281 L
620 227 653 281 ι
691 227 744 282 B
786 227 840 283 E
883 228 940 283 R
1020 230 1151 290 HL
1500 195 1633 313 x'1125'

32 360 300 428 &uxiliunu
329 359 378 418 &
401 358 509 419 vitae
537 356 698 417 succos
722 357 887 416 misere
909 359 1126 418 salubres.
1203 350 1206 352 .

35 452 235 511 Ultimus
259 451 306 509 ἃ
329 470 473 508 totam
500 437 790 507 concludens
817 449 984 508 ordine
1007 449 1222 508 summam
1517 475 1639 538 145]

35 544 188 600 Rebus
210 539 466 620 apiscendis
492 539 627 597 labor
648 541 710 597 est
728 584 743 606 ‚
764 540 841 618 qui
863 539 1077 598 continet
1099 563 1264 599 omnes

34 636 268 691 Votorum
291 631 478 689 effestus
494 677 510 699 ,
535 629 585 688 ὃς
608 653 713 710 quae
736 630 816 688 fibi
845 630 1037 709 quisque
1062 631 1245 711 suisque

34 722 265 802 Proponit
289 722 426 778 studia
449 741 586 799 atque
607 738 724 777 artes
745 763 760 787 ‚
780 719 881 777 haec
907 719 1030 778 irrita
1054 744 1111 778 ne
1134 721 1246 780 fint:

26 813 259 871 Senserat
283 809 486 869 officium
504 855 520 878 ‚
547 830 680 867 nutus
704 810 933 867 blanditus
958 809 1004 868 in
1031 835 1225 870 omnes:

35 902 210 982 Aspera
231 901 321 961 five
341 901 449 960 foro
473 923 559 981 per
581 900 708 958 litem
730 900 880 981 jurgia
906 920 1053 961 tentet
1070 947 1088 975 ,
1533 914 1643 983 150ss

36 995 348 1051 Fortunamve
375 1010 506 1071 petat
524 992 696 1072 pelago
717 1038 733 1061 ‚
756 993 1019 1072 ventosque
1043 994 1279 1073 sequatur:

35 1087 129 1141 Seu
154 1086 376 1142 Cererem
402 1084 608 1163 plenam,
627 1082 892 1142 vincentem
917 1084 1083 1143 horrea
1108 1086 1326 1151 meffem;

37 1177 131 1232 Aut
153 1194 331 1254 repetat
350 1175 575 1233 Bacchum
598 1197 682 1255 per
706 1175 894 1255 pinguia
917 1176 1056 1234 musta
1084 1176 1336 1234 fluentem:

34 1266 136 1322 Hac
158 1263 200 1321 in
226 1285 354 1344 parte
378 1265 474 1322 dies
490 1309 505 1332 ‚
528 1285 666 1344 atque
691 1265 790 1323 haec
817 1285 1051 1324 momenta
1076 1267 1322 1333 dabuntur;

18 1355 89 1412 “Si
111 1354 233 1412 bene
256 1355 539 1412 convenient
561 1356 704 1413 stell-ae
730 1379 812 1435 per
833 1357 957 1436 figna
980 1357 1244 1436 sequentes:
1534 1376 1636 1439 155

40 1448 253 1522 Quarum
277 1469 370 1527 ego
396 1448 622 1528 posterius
646 1448 768 1507 vires
793 1448 841 1507 in
864 1470 1108 1528 utrumque
1132 1449 1340 1508 valentes

43 1536 224 1594 Ordine
251 1536 332 1593 sub
352 1555 481 1593 certo
504 1537 693 1595 reddam
712 1582 728 1606 ‚
749 1560 852 1594 cum
877 1538 1080 1617 pandere
1103 1559 1251 1595 rerum

39 1627 259 1707 Incipiam
285 1627 487 1685 effeetus.
514 1630 652 1685 Nunc
674 1651 733 1685 ne
756 1629 980 1708 permixta
1001 1629 1236 1708 legentem

37 1719 379 1788 C011fundant·‚
404 1718 536 1776 nudis
562 1718 662 1777 satis
685 1720 748 1776 est
773 1718 974 1778 insistere
998 1722 1232 1779 membris.

122 1815 180 1870 Et
200 1813 553 1892 quoniam-toto
577 1812 779 1892 digestos
803 1812 918 1870 orbe
941 1812 1159 1880 labores,
1539 1821 1647 1877 160·

41 1904 335 1985 Nominaque
362 1906 409 1963 in
434 1928 672 1963 numerum
688 1948 703 1972 ‚
726 1903 940 1984 viresque
963 1905 1203 1986 exegimus
1228 1929 1428 1976 omnes;

42 1996 182 2064 Athla
204 2018 370 2054 vocant
391 1997 518 2056 Graii
538 2024 552 2065 ;
574 2020 678 2077 quae
697 1997 861 2055 cuneta
886 1997 1078 2077 negotia
1097 2021 1250 2058 rerum

43 2091 96 2145 In
123 2110 292 2167 genera
315 2087 365 2146 δε
391 2108 542 2169 partes
565 2089 633 2146 bis
659 2087 736 2145 sex
758 2086 901 2146 divisa
919 2087 1187 2146 cohaerent:

33 2173 216 2244 Nune,
239 2178 403 2256 quibus
423 2178 672 2239 ascendant
695 2176 833 2259 signis
860 2178 1144 2257 quandoque
1163 2220 1179 2246 ,
1205 2180 1459 2238 canendum
1485 2180 1563 2240 est.

46 2271 290 2348 Perpetuas
309 2292 457 2348 neque
481 2270 604 2328 enim
632 2270 761 2328 sedes
781 2315 794 2337 ‚
815 2271 1072 2349 eademque
1096 2294 1180 2351 per
1203 2293 1366 2331 omnes
1537 2299 1558 2332 1
1572 2279 1641 2351 65

48 2356 206 2415 Sidera
229 2358 460 2416 nascentes
481 2358 645 2416 retinet
661 2404 673 2427 ,
696 2358 774 2416 sed
792 2378 1002 2439 tempora
1026 2378 1165 2417 mutar
1181 2403 1198 2428 ‚

49 2449 186 2504 Nunc
209 2447 298 2505 huc
321 2472 441 2506 nunc
465 2448 575 2504 illuc
597 2447 829 2526 fignorum
849 2467 968 2505 meta
988 2471 1071 2527 per
1096 2450 1292 2522 orbem3

48 2538 299 2595 Incolumis
321 2557 473 2596 tamen
494 2557 542 2595 ut
562 2556 763 2605 maneat,
786 2538 863 2617 qui
885 2538 1094 2595 conditus
1117 2540 1237 2604 ordo
1260 2541 1338 2598 est.

50 2633 179 2710 Ergo
201 2653 287 2710 age
306 2675 320 2696 ‚
343 2653 399 2689 ne
421 2631 528 2688 falsa
548 2630 692 2689 variet
713 2630 922 2709 genitura
944 2630 1088 2709 figura
1103 2674 1119 2698 ‚

52 2719 102 2776 Si
123 2720 196 2778 sua
219 2743 450 2800 quemque
472 2721 605 2777 voles
630 2740 851 2778 revocare
876 2720 931 2776 ad
951 2718 1075 2799 signa
1099 2719 1342 2791 laboremg
1543 2746 1563 2781 ι
1578 2745 1649 2795 70>

52 2818 269 2873 Fortunae
292 2815 504 2895 perquire
527 2816 684 2874 locum
705 2838 789 2894 per
813 2813 956 2872 fidera
978 2815 1168 2874 cunssa:

56 2909 180 2982 Quae
206 2907 354 2986 primo
378 2930 478 2986 pars
498 2906 560 2964 est
587 2928 779 2964 numero
804 2905 864 2963 fic
886 2905 1002 2964 dieta
1024 2905 1106 2964 sub
1126 2906 1277 2968 athlis.

56 2995 155 3071 Qui
173 2996 256 3054 tibi
280 3020 381 3054 cum
403 2997 541 3054 fuerit
561 3015 681 3054 certa
706 2995 885 3055 ratione
905 3016 1110 3076 repertus
1126 3043 1144 3068 ‚

61 3088 225 3146 Cetera
247 3087 469 3168 praedisso
495 3087 790 3147 subeuntibus
813 3087 974 3164 ordine
996 3087 1129 3169 signis
