2165 3792
447 245 563 324 3261
700 240 1163 300 NOTITIA
1226 238 1813 299 LJTERARJA

649 374 849 436 medius,
868 373 1017 422 multis
1043 393 1073 422 a
1093 375 1145 441 ft
1162 373 1271 422 locis
1285 373 1463 439 propria
1490 390 1618 421 manu
1646 376 1938 436 emendatam,
1963 393 2054 441 quae

638 444 706 512 fic
732 444 911 489 correc‘la
948 442 1089 490 textui
1125 443 1398 508 inseruimm.
1453 443 1539 504 Usi
1577 442 1706 489 etiam
1729 443 1887 509 fiemus
1919 461 2058 491 exem-

645 510 768 577 plari
816 509 882 559 Cl.
925 510 992 557 D.
1025 509 1213 559 Nicolai
1259 507 1467 565 Heinfii‚
1503 508 1578 572 qui
1610 511 1764 556 varias
1804 528 1825 556 e
1864 511 2055 557 MSStis

650 577 850 625 leeliones
867 578 1118 625 adnotarat.
1146 576 1362 626 Affirmat
1389 574 1582 637 quidem
1610 574 1703 625 Th.
1730 574 1926 625 Crenius
1948 578 2058 626 Ani..

650 643 811 694 madv.
848 642 1016 706 philol.
1044 644 1090 693 P.
1113 643 1178 692 IV
1197 682 1211 702 ,
1234 660 1280 705 p.
1313 661 1365 704 2,
1394 642 1441 695 se
1467 641 1629 690 multis
1655 643 1705 690 in
1731 642 1852 691 locis
1881 642 1984 693 aliis
2005 645 2055 693 in

652 712 765 761 edd.
803 711 1019 761 Servium
1043 711 1350 772 integriorem
1381 727 1437 759 ae
1467 709 1731 773 pleniorem
1766 709 2055 770 offendisse,

655 795 799 842 quam
830 778 879 826 in
904 777 994 825 hac
1024 776 1421 826 Commeliniana.
1452 778 1543 827 Sed
1566 780 1610 828 &
1632 776 1931 828 Schrevelius
1950 789 2056 827 tan-

654 857 761 895 tum
807 855 1030 907 excerpta
1058 860 1084 891 e
1110 844 1271 893 Servio
1307 844 1450 892 edere
1479 843 1662 894 voluit:
1699 845 1913 909 Heynius
1947 862 2059 894 vero

653 913 761 977 post
785 910 1007 963 meliores
1037 911 1218 961 Heinfii
1245 911 1356 959 edd.
1398 910 1543 972 hujus
1581 913 1776 975 quidem
1799 929 1900 963 non
1930 930 2061 977 mag.

653 997 773 1030 num
814 978 953 1029 usum
979 978 1071 1028 effe
1102 978 1396 1042 pronuntiat.

458 1049 584 1114 1647
654 1064 806 1099 -.-—--C.
840 1046 1030 1098 Comm.
1069 1049 1233 1108 Certiae,
1262 1044 1431 1098 Colon.
1462 1043 1547 1097 fol.
1577 1047 1688 1098 vide
1713 1048 1855 1112 supra
1883 1049 1945 1098 ad
1981 1066 2058 1099 an.

664 1115 804 1166 1628.

458 1184 581 1246 1648
651 1183 887 1240 L'Eneide
919 1182 1128 1231 traduite
1167 1198 1227 1230 en
1257 1197 1360 1230 vers
1397 1181 1603 1246 franqois
1622 1219 1636 1242 ‚
1666 1177 1839 1232 dedie'e
1863 1182 1891 1235 ὲ.
1917 1185 1989 1236 Μ.
2017 1184 2064 1234 le

659 1250 886 1302 Cardinal
910 1249 1153 1309 Mazarin‚
1184 1247 1211 1297 a
1244 1251 1381 1297 Paris
1400 1287 1414 1309 ,
1443 1265 1527 1312 par
1550 1250 1597 1299 P.
1623 1253 1829 1303 Moreau.
1870 1275 1916 1312 4·
1950 1253 2062 1303 mai.

656 1319 852 1373 Latinus
883 1328 1041 1368 textus
1073 1317 1264 1371 additus
1297 1316 1374 1367 est.
1417 1316 1585 1367 Literae
1622 1331 1864 1369 currentes
1892 1318 2065 1370 similes

657 1386 765 1436 sunt
801 1403 891 1435 aere
919 1385 1088 1434 incisis.

453 1455 705 1505 -ε-ι-ε-Ρ,
738 1454 809 1505 Μ.
842 1454 1003 1504 AEneis
1041 1469 1153 1502 cum
1181 1452 1369 1502 Comm.
1405 1452 1518 1503 Nic.
1547 1454 1749 1504 Abrami.
1780 1453 2064 1505 Rothoma-

657 1523 718 1586 gi.
754 1522 799 1571 8.
835 1521 1100 1571 seeundum
1134 1521 1243 1570 edd.
1283 1522 1403 1585 1633
1436 1520 1468 1568 1.
1511 1520 1649 1586 1637.

465 1591 588 1657 1649
658 1590 948 1656 Elzeviriana
988 1589 1046 1640 D.
1072 1589 1246 1653 Heinfii
1268 1587 1370 1637 III:
1410 1587 1571 1651 Opera
1606 1604 1735 1637 nunc
1767 1590 2066 1640 emendatio·

659 1674 725 1706 ra.
762 1657 908 1706 Amst.
939 1674 1024 1720 per
1051 1656 1171 1706 Lud.
1204 1655 1493 1705 Elzevirium
1532 1657 1604 1707 16.

462 1725 589 1790 1650
658 1726 867 1773 Farnabii
902 1725 987 1774 ΠΙ.
1020 1724 1164 1774 Amst.
1205 1741 1276 1773 12.

462 1795 548 1857 165
560 1812 585 1841 2
654 1794 945 1857 Elzeviriana
976 1793 1034 1841 D.
1065 1791 1238 1855 Heinsii
1262 1791 1342 1840 IV.
1370 1791 1548 1841 recusa.
1583 1803 1658 1841 12.

565 1898 569 1901 »
661 1861 969 1908 Schreveliana
997 1859 1019 1908 I
1044 1876 1054 1908 z
1093 1875 1133 1907 C.
1159 1874 1206 1905 n.
1230 1857 1450 1910 Farnabii
1485 1860 1680 1920 integris
1709 1861 1755 1908 ἃ
1785 1858 1943 1909 ΓΘῙΕᾶ.
1975 1875 2066 1908 va-

657 1928 867 1987 riorum,
914 1942 1059 1988 opera
1098 1926 1242 1975 Corn.
1290 1925 1543 1974 Sclzrevelii.
1592 1925 1735 1991 Lugd.
1781 1927 1842 1976 B.
1884 1943 1942 1975 ex
1981 1926 2064 1979 off.

658 1994 903 2044 Hackiana
941 1994 986 2044 8.

466 2060 587 2127 1653
660 2061 887 2111 AEneidos
915 2061 965 2111 L.
994 2061 1030 2109 I.
1065 2060 1211 2124 Paris:
1243 2075 1320 2121 ap.
1355 2058 1463 2109 Seb.
1495 2060 1540 2107 ἂ
1571 2057 1714 2108 Gabr.
1752 2060 2063 2126 Cramoisy.4.

468 2169 471 2172 .
864 2129 916 2178 L.
950 2127 1050 2177 XII
1085 2126 1200 2175 ibid.
1232 2127 1422 2176 eodem.

469 2196 592 2263 1654
664 2197 877 2258 L'Opere
925 2195 974 2243 di
1006 2193 1203 2257 Virgilio
1234 2195 1503 2244 Mantuano
1528 2219 1627 2231 ——-
1653 2202 1981 2242 commentate
2017 2193 2067 2242 in

661 2263 824 2326 lingua
863 2262 1056 2326 volgare
1083 2260 1304 2312 ‘soscana
1331 2264 1391 2311 da
1424 2262 1558 2312 Giov.
1592 2262 1803 2320 Fabrini,
1838 2262 1898 2314 da
1927 2261 2066 2312 Carlo

662 2333 904 2395 Malatesta
932 2333 976 2380 ἃ
1004 2330 1064 2379 da
1089 2329 1207 2379 Phil.
1239 2331 1411 2378 Venuti.
1433 2329 1888 2378 ——Nuovamente
1923 2329 2066 2378 stam-

664 2409 778 2462 pate
823 2392 849 2446 e
884 2407 1092 2446 corrette
1123 2398 1173 2444 in
1211 2400 1395 2446 Venetia
1424 2396 1640 2461 appresso
1672 2395 1704 2444 h·
1741 2397 1954 2463 Guerigli.
1981 2395 2069 2446 fol.

665 2465 874 2516 Exhibet
899 2465 1001 2514 haec
1028 2466 1356 2528 interpretatio
1384 2463 1520 2513 simul
1545 2465 1685 2528 ipsius
1712 2475 1866 2527 poetae
1889 2463 2065 2524 verba3

662 2534 724 2583 cf.
759 2532 878 2582 Bibl.
907 2534 1084 2583 Bunav.
1116 2533 1173 2583 T.
1207 2533 1257 2592 I,
1290 2550 1339 2595 p.
1389 2549 1495 2597 301.

469 2603 594 2669 1657
666 2602 979 2652 Schreveliana,
1010 2600 1089 2661 II,
1126 2616 1167 2648 c,
1195 2617 1242 2648 n.
1286 2601 1417 2649 Varr.
1452 2600 1605 2664 Lugd.
1645 2601 1747 2650 Bat.
1791 2615 1866 2662 ap.
1902 2599 2069 2650 FranC.

660 2669 884 2716 Hackium
916 2669 961 2717 8.
993 2684 1092 2730 rep.
1130 2684 1188 2717 ex
1219 2668 1271 2727 I,
1310 2668 1448 2732 1652.

665 2734 822 2785 Clavis
873 2735 1117 2786 anterioris
1154 2735 1411 2794 ffineidos‚
1452 2734 1618 2784 itinera
1655 2735 1814 2785 AEneae
1851 2734 1975 2783 notis
2021 2736 2066 2784 Sc

660 2802 836 2852 tabulis
868 2802 1105 2863 reserans,
1137 2819 1282 2866 opera
1318 2801 1416 2863 Jos.
1446 2804 1598 2869 Scizii.
1635 2803 1767 2851 Halae
1813 2804 1944 2854 Suev.
1980 2817 2066 2865 per

663 2871 738 2931 Jo.
768 2871 1022 2920 Reinhard.
1054 2889 1100 2931 4.

465 2937 587 3005 1658
663 2939 928 3001 ——Opera
954 2954 1039 3002 per
1057 2939 1131 2998 Jo.
1160 2939 1386 3003 Ogilvium
1416 2937 1542 2985 edita
1570 2940 1615 2987 <Sc
1646 2935 1897 2998 sculpturis
1925 2935 2065 2984 aeneis

663 3007 907 3055 adornata.
937 3007 1128 3058 Londini
1163 3006 1289 3069 typis
1322 3004 1415 3054 Th.
1442 3008 1669 3071 Roycrofl.
1704 3004 1788 3053 fol.
1828 3022 1872 3052 v.
1911 3002 2060 3052 Catal.

660 3073 782 3122 Bibl.
813 3073 958 3122 Ducis
991 3075 1040 3121 de
1067 3073 1112 3120 la
1141 3074 1343 3121 Valliere.
1379 3088 1510 3123 num.
1546 3091 1686 3133 2447.
1722 3072 1853 3134 Pigg.
1885 3071 2063 3118 (leben-

659 3150 736 3189 tur
769 3140 966 3190 artificio
1000 3138 1123 3189 Guil.
1159 3141 1338 3188 Hollar.
1387 3137 1510 3189 Guil.
1539 3141 1803 3198 Faitllorne,
1847 3138 1896 3187 P.
1933 3140 2063 3185 Lom-
