2165 3792
431 238 546 316 348
692 232 1141 292 NOTITIA
1183 238 1764 295 LJTERARJA

427 386 553 451 geat
578 370 785 442 vidua,
812 369 1119 428 liberorum
1152 369 1394 428 duorum
1428 382 1605 427 mater
1620 385 1936 450 ,quantum
1965 371 2027 432 in

428 473 502 510 eo
553 451 887 523 doluerint,
943 450 1358 530 desiderentque
1413 470 1713 529 generum,
1762 452 2027 526 fratrem,

430 531 754 612 Collegam,
785 533 976 591 virum
1009 532 1259 605 bonum,
1269 488 1454 590 ΑΜΞΞΓΞΒ
1483 532 1546 591 &
1578 533 1736 590 omni
1768 533 2027 592 humani-

428 614 530 672 tati
554 613 1094 686 amicum,-civitatis
1127 613 1400 686 nostrae,
1386 634 1445 669 m
1475 633 1639 692 quam
1663 628 1791 672 ante
1816 635 2030 674 novem

429 715 611 754 annos
651 709 906 773 receptus
945 707 1061 751 erat
1080 737 1098 765 ,
1125 708 1517 752 ornamentum
1540 738 1558 766 ,
1585 693 1850 773 superstes
1874 698 2026 770 socer

431 796 561 833 cum
581 774 711 848 suiS,
736 778 797 835 ὃ(
817 775 968 833 Socii
995 778 1224 831 Emer-us
1243 773 1501 852 Collega,
1517 778 1706 833 Frater
1728 777 2030 844 &Affinis,

426 855 656 935 (mater
688 877 829 914 vero
865 854 1038 913 vidua
1062 852 1241 911 filium
1272 855 1537 932 proxime
1570 856 1814 915 insecuta
1839 855 2053 915 deces--

410 936 813 1016 ,fit)1¹nstituri
858 934 1025 1010 hujus
1063 934 1313 1007 familia,
1341 934 1572 993 humani
1617 940 1680 996 &
1718 938 1859 996 boni
1900 959 2033 995 om·-

429 1039 559 1091 neS,
599 1018 756 1076 domi
795 1016 1065 1097 forisque.
1118 1015 1425 1075 Cavebunt
1469 1017 1690 1094 quidem
1731 1018 1886 1078 Socii
1929 1040 2033 1078 cu·-

430 1115 645 1158 ratores
697 1098 973 1171 instituti,
1015 1119 1086 1156 ne
1133 1119 1163 1156 e
1212 1097 1339 1155 Viri
1395 1096 1562 1175 ipsis,
1607 1099 1741 1156 dum
1786 1101 2037 1173 vivent,

431 1180 863 1240 defideratiffimi
906 1179 1167 1257 jactura
1152 1201 1210 1236 m
1255 1177 1540 1257 posterum
1589 1180 1900 1260 quidquam
1942 1203 2037 1239 ca-

430 1263 549 1340 piat
585 1262 906 1319 detrimenti
952 1261 1268 1319 Institutum
1291 1305 1307 1333 ,
1346 1260 1502 1338 quod
1551 1259 1710 1319 bono
1753 1260 1983 1339 publico
2014 1307 2038 1333 ,

431 1342 615 1402 multo
668 1341 891 1416 sumtu,
931 1343 1242 1422 nostroque
1288 1341 1543 1420 periculo
1591 1340 1670 1400 sat
1719 1363 1925 1422 magno
1972 1345 2040 1403 &¹

433 1423 580 1484 curis
616 1422 852 1483 infinitis
886 1423 1249 1502 conjuncium
1283 1423 1375 1481 est.

522 1505 817 1585 ignoscent
866 1527 1012 1565 vero
1072 1505 1239 1563 nobis
1298 1504 1462 1563 facile
1519 1503 1767 1563 fautores
1819 1503 2041 1576 nostri,

431 1588 625 1666 quod,
659 1608 787 1646 cum
830 1586 888 1644 in
928 1587 1031 1645 hac
1072 1585 1384 1644 calamitate
1417 1585 1603 1644 nostra
1639 1590 1868 1644 Excems
1901 1586 2039 1645 Col-

432 1668 595 1761 lega,
638 1669 734 1748 qui
774 1669 1023 1727 Iudicem
1069 1667 1220 1726 hunc
1264 1668 1668 1741 inchoaverat,
1704 1667 2044 1746 duplicatam

432 1771 625 1809 curam
664 1750 866 1808 edendi
905 1751 1019 1810 dies
1057 1748 1362 1829 noctesque
1401 1748 1638 1821 iubiret,
1672 1749 1717 1806 is
1749 1747 2044 1827 perficien-

432 1831 569 1888 dum
627 1849 863 1909 excepta
910 1830 1233 1889 veriionum
1294 1829 1429 1887 serie
1495 1829 1738 1887 traderet
1808 1834 2046 1901 Crollm,

432 1911 714 1969 anxietate
745 1914 808 1969 &
834 1909 1046 1989 vioiliis
1068 1909 1262 1967 affeito
1298 1908 1528 1987 aliisque
1556 1908 1721 1966 etiam
1752 1908 2047 1967 laboribus

434 1991 726 2057 distra&0,
749 1990 916 2048 nobis
949 2011 978 2048 e
1002 1989 1258 2047 manibus
1285 1992 1347 2048 ὅ(
1368 1990 1643 2046 memoria
1677 1990 2046 2061 exciderunt,

432 2094 561 2153 quae
605 2072 683 2130 ill.
742 2075 989 2147 Heynizzs
1025 2073 1094 2128 T.
1136 2072 1216 2127 IV
1253 2068 1483 2159 Virgilii
1527 2068 1646 2141 sui,
1685 2069 1930 2127 maxime
1974 2070 2050 2128 ad

434 2167 623 2212 aetates
670 2152 803 2209 duas
846 2151 1065 2229 priores
1107 2171 1139 2208 a
1188 2148 1354 2207 nobis
1398 2149 1706 2228 designatas
1755 2149 2046 2229 pertinen-

431 2234 535 2307 tia,
562 2232 838 2326 sublegit,
863 2233 923 2289 in
947 2244 1106 2289 aetate
1132 2232 1284 2289 enim
1309 2233 1378 2288 HI
1403 2229 1756 2289 describenda
1783 2232 2048 2310 quamvis

432 2317 557 2374 sero
578 2315 660 2373 uti
688 2314 983 2392 coepimus
1012 2313 1177 2370 Haud
1194 2333 1371 2391 pauca
1388 2312 1615 2391 quidem
1641 2311 1741 2389 ipfi
1766 2333 1837 2369 ex
1853 2313 2047 2372 nostra

432 2417 585 2475 penu
613 2416 721 2474 pro
757 2394 1147 2453 mediocritate
1184 2393 1374 2451 nostra
1414 2392 1880 2464 observavimus,
1914 2394 2047 2472 qui·-

432 2480 540 2538 bus
593 2490 930 2556 augerentur
987 2476 1072 2554 pri
1055 2496 1202 2535 iores
1253 2488 1478 2533 aetates:
1526 2472 1617 2531 sed
1669 2495 1740 2531 ne
1785 2476 2050 2534 Lectores

436 2558 614 2618 nostri
663 2558 1010 2629 defiderent,
1055 2555 1331 2648 quidquid
1374 2554 1471 2615 vel
1512 2554 1606 2614 vir
1651 2554 2049 2615 eruditiffimus

433 2639 670 2720 sublegit
702 2637 1089 2698 accuratiusve
1117 2637 1173 2695 di
1176 2637 1397 2710 fferuit,
1419 2635 1515 2694 vel
1553 2636 1994 2696 εωεηάειηάιιηι
1981 2658 2048 2701 m

432 2720 642 2783 nostris
681 2720 975 2791 νΞάεειῖιιΥ,
1019 2718 1367 2799 spicilegium
1408 2716 1601 2779 Veniat

849 2875 953 2932 Ad
1029 2877 1566 2930 AETATEM
1617 2871 1667 2925 I.

440 2989 504 3041 ad
538 3006 589 3055 p.
621 2983 827 3041 nostram
867 3009 962 3055 277
990 2989 1072 3039 lin.
1112 2956 1297 3054 penult.
1345 2990 1504 3051 Quem
1538 2987 1595 3034 V
1580 2985 1775 3035 zcentinae
1803 2985 1829 3036 I
1861 2992 2051 3035 curato,

644 3075 747 3108 rem
790 3058 995 3108 diximus
1029 3059 1103 3118 Jo.
1142 3057 1487 3134 Calphurnium,
1512 3055 1551 3103 is
1591 3064 1718 3102 certe
1746 3053 1933 3120 praefuit
1966 3056 2047 3102 W..

645 3127 826 3178 centina
869 3126 1051 3190 112an.
1100 3142 1260 3195 14793
1293 3124 1442 3190 magis
1486 3133 1649 3175 tamen
1693 3122 1746 3174 in
1791 3121 1950 3175 Servio
1986 3132 2049 3181 ex
