2165 3792
568 210 975 266 LIBER
1061 210 1109 264 I.

73 345 259 425 Exiguo
284 342 497 401 dirimens
519 340 713 398 solidam
738 338 1001 398 discrimine
1023 337 1260 395 summam:

71 444 306 497 Summum
331 437 470 516 igitur
493 435 661 492 coelum
684 433 752 492 bis
777 434 883 491 bina
905 431 1103 512 resurgit
1123 432 1179 490 ab
1198 431 1317 496 im0‚'

72 533 230 588 Altera
248 530 316 587 bis
340 527 456 585 senis
478 546 526 584 ut
551 525 602 583 {it
622 549 722 605 pars
746 525 876 583 tertia
901 523 1056 602 figniS.

74 621 164 678 Sed
189 619 294 699 quia
318 642 399 699 per
421 617 624 675 medium
650 617 710 674 est
733 617 869 673 tellus
894 613 1107 694 suspensa
1129 611 1412 694 profundum
1429 655 1447 680 ‚

71 711 196 770 Binis
218 736 241 769 a
264 711 440 768 summo
467 708 605 789 lignis
630 708 826 766 discedit
851 708 900 767 ἃ
923 708 1035 767 imo.

68 798 189 857 Hinc
210 799 349 879 igitur
373 799 688 879 quodcunque
710 799 841 877 supra
867 795 1125 876 te'suspicis
1149 794 1249 875 ipse
1267 838 1284 863 ‚

67 892 175 964 Qua
200 912 282 968 per
307 889 444 946 inane
466 911 618 946 meant
645 888 772 946 oculi
794 934 807 955 ‚
832 911 1014 967 quaque
1037 888 1103 946 ire
1126 886 1368 955 recusant,

67 979 190 1037 Binis
213 981 487 1060 aequandum
511 981 574 1038 est
600 980 768 1060 lignis:
794 983 869 1038 sex
894 1000 1017 1038 tanta
1043 980 1258 1038 rotundae

67 1072 284 1130 Efficiunt
309 1073 471 1132 orbem
496 1079 674 1140 Zonae3
701 1096 788 1152 qua
815 1065 941 1153 signa
967 1073 1175 1131 feruntur

62 1163 144 1221 Bix
172 1164 274 1232 sex,
301 1165 465 1244 aequali
491 1165 639 1245 spatio
666 1165 871 1223 texentia
895 1166 1084 1221 coelum.

63 1259 166 1313 Nec
191 1257 360 1314 mirere
380 1279 527 1336 vagos
553 1277 704 1336 partus
731 1258 890 1314 eadem
914 1256 1005 1313 effe
1029 1278 1113 1336 per
1132 1252 1240 1311 astra
1258 1294 1274 1318 ‚

62 1349 120 1403 Et
147 1346 336 1404 mixtum
360 1347 542 1427 ingenti
567 1347 751 1427 generis
771 1348 1035 1406 discrimine
1058 1348 1197 1405 fatum
1218 1370 1234 1411 ·,

61 1439 252 1518 Singula
276 1463 381 1496 cum
406 1459 575 1497 tantum
599 1461 815 1507 teneant,
839 1459 1066 1520 tantoque
1086 1439 1290 1494 ferantur

61 1530 330 1606 Tempore,
359 1529 436 1585 sex
461 1549 560 1586 tota
584 1530 816 1607 surgentia
838 1529 982 1587 sidera
1005 1529 1124 1585 luce.

141 1622 291 1679 Restat
312 1642 361 1679 ut
387 1623 619 1680 aethereos
643 1622 758 1680 fines
781 1622 865 1680 tibi
898 1622 1093 1679 reddere
1118 1641 1299 1687 coner,

55 1717 247 1796 Pilaque
270 1715 502 1796 dispositis
525 1716 702 1774 vicibus
725 1715 994 1774 comitantia
1017 1714 1191 1771 coelum
1208 1758 1226 1782 .,

56 1812 144 1866 Per
164 1831 267 1887 quae
287 1807 501 1886 dirigitur
524 1807 759 1887 {ignorum
783 1807 1020 1865 flammeus
1041 1807 1180 1865 ordo.

56 1897 271 1956 Circulus
295 1899 350 1964 ad
374 1903 569 1957 Boream
591 1898 852 1977 fulgentem
879 1897 1064 1955 sustinet
1084 1895 1293 1963 Αϊξὶοη,

55 1993 243 2070 Sexque
267 1991 384 2071 fugit
406 1991 574 2049 solidas
597 2015 621 2049 a
643 1991 753 2049 coeli
776 1990 952 2049 vertice
972 2009 1136 2071 partes.

54 2081 189 2139 Alter
205 2128 221 2150 ,
242 2083 297 2139 ad
323 2082 518 2139 extremi
545 2083 794 2140 decurrens
815 2082 958 2140 sidera
982 2080 1189 2148 Cancri,

52 2177 106 2230 ln
129 2197 226 2253 quo
250 2175 538 2234 consummat
559 2175 761 2234 Phoebus
786 2176 1034 2254 lucemque
1057 2193 1330 2251 moramque
1347 2214 1364 2238 ‚

51 2266 297 2344 Tardaque
322 2290 404 2345 per
426 2268 604 2346 longos
627 2267 892 2325 circumfert
910 2265 1086 2324 lumina
1107 2263 1254 2323 flexus
1272 2307 1291 2334 ,

53 2353 210 2411 AEstivi
234 2355 391 2411 medio
415 2377 589 2411 nomen
613 2353 695 2411 fibi
722 2354 855 2412 sumit
874 2355 930 2412 ab
954 2354 1092 2422 aestu3

53 2443 302 2522 Temporis
324 2443 373 2501 δε
394 2442 532 2501 titulo
557 2443 762 2523 potitur:
789 2464 1049 2522 metamque
1075 2442 1277 2501 volantis

52 2532 176 2590 Solis
194 2578 208 2600 ‚
233 2533 283 2592 84
308 2554 540 2593 extremos
565 2535 773 2616 designat
794 2537 999 2594 fervidus
1021 2536 1172 2600 actum

52 2630 110 2683 Et
134 2625 340 2705 quinque
363 2627 408 2684 in
434 2648 584 2707 partes
610 2629 858 2707 Aquilonis
881 2630 1012 2687 distat
1034 2630 1089 2687 ab
1113 2628 1246 2688 orbe.

50 2719 237 2776 Tertius
253 2765 268 2785 ‚
291 2719 335 2776 in
356 2719 506 2776 media
538 2719 697 2777 mundi
719 2721 918 2798 regione
939 2721 1117 2778 locatus
1136 2764 1152 2787 ‚

48 2810 235 2890 Ingenti
258 2812 375 2890 spira
399 2830 549 2869 totum
577 2811 820 2892 praecingit
843 2813 1133 2892 Olympum3

50 2903 181 2958 Parte
202 2902 257 2959 ab
280 2919 470 2978 utraque
493 2901 657 2959 videns
684 2926 846 2960 axem:
873 2926 969 2982 quo
993 2901 1198 2960 culmine
1217 2900 1416 2959 Phoebus

51 2993 316 3074 Componit
341 2992 522 3073 paribus
546 2995 742 3053 numeris
769 2996 1048 3074 noElemque
1073 2993 1290 3073 diemque
1307 3038 1323 3062 ‚

52 3085 184 3143 Veris
209 3085 258 3145 &
282 3085 487 3146 autumni
515 3109 699 3146 currens
726 3109 810 3167 per
833 3106 1045 3168 tempora
1068 3085 1223 3145 mixta.

1599 212 1674 286 '75

1569 630 1678 687 550

1569 1090 1673 1144 555

1558 1989 1664 2061 565

1553 2457 1664 2514 570

1547 2920 1653 2981 575
