2165 3792
512 219 956 282 “LIBER
1042 227 1148 282 JV.
1570 240 1675 298 153

84 359 121 413 A
151 375 344 412 numero
370 376 538 410 nomen
570 351 766 431 positum
795 353 857 409 est
875 397 889 419 .,
916 354 1043 431 quod
1068 354 1270 431 partibus
1294 356 1404 414 astra

80 443 285 502 Condita
309 443 490 501 tricenis
516 442 686 521 triplici
711 443 790 500 sub
812 442 933 499 sorte
957 443 1199 522 feruntur,
1573 466 1687 519 300

79 533 138 587 Et
161 529 365 587 tribuunt
387 532 525 588 denas
549 529 593 586 in
618 532 662 588 se
689 532 961 588 coeuntibus
985 531 1139 596 astris,
1676 532 1679 534 ’

74 624 221 699 Inque
243 620 393 678 vicem
417 621 556 678 ternis
582 621 838 679 habitantur
857 620 1001 679 sidera
1025 621 1183 700 signis.

75 709 150 765 Sic
176 709 277 767 altis
302 734 457 776 natura
487 732 641 769 manet
664 712 886 792 consepta
906 712 1107 770 tenebris
1126 757 1143 779 ,

74 804 132 858 Et
153 825 311 859 verum
336 802 393 859 ini
409 804 535 860 coelo
558 805 619 860 est
635 847 651 870 ,
674 804 910 883 multaque
931 804 1173 882 ambagine
1196 823 1364 860 terum.

72 895 175 950 Nec
197 892 347 951 brevis
374 894 435 950 est
458 895 559 951 usus
576 940 591 960 ,
617 917 701 951 nec
725 915 845 952 amat
868 895 1149 974 compendia
1170 894 1356 951 coelum.
1570 914 1677 967 305

71 986 242 1041 Verum
271 984 369 1041 aliis
388 986 473 1043 alia
498 985 714 1065 opposita
739 987 800 1042 est
828 986 876 1044 ἃ
901 986 1017 1043 fallit
1040 987 1195 1065 imago
1215 1031 1231 1054 ‚
1585 988 1587 993 Α

71 1072 393 1151 Mentiturque
423 1076 518 1133 suas
542 1077 662 1134 vires
682 1122 696 1140 ,
725 1077 773 1136 ὅ(
800 1078 948 1134 munia
973 1079 1089 1135 celat
1114 1103 1125 1133 :

69 1165 192 1237 Quae
212 1162 293 1221 tibi
319 1189 412 1223 non
437 1167 584 1224 oculis
605 1213 618 1234 ‚
643 1168 733 1226 alta
754 1167 830 1225 sed
849 1190 1002 1225 mente
1024 1168 1222 1247 fuganda
1245 1168 1308 1226 est

69 1254 242 1333 Caligo
263 1281 276 1321 ;
300 1255 577 1335 penitusque
603 1263 730 1315 Deus
750 1303 767 1331 9
795 1281 890 1316 non
911 1256 1064 1316 fronte
1090 1261 1338 1318 notandus,

67 1348 202 1403 Nunc
223 1370 326 1424 quae
349 1347 432 1405 sint
457 1350 694 1425 conjnnkia
718 1349 904 1429 quibus,
925 1373 1083 1420 quove
1109 1350 1296 1420 ordine,
1318 1349 1538 1418 reddam3
1571 1372 1594 1420 -3
1616 1374 1682 1407 10

69 1440 144 1494 Ne
168 1439 338 1496 lateant
363 1441 464 1497 aliae
488 1440 606 1498 vires
631 1442 776 1499 aliena
800 1466 884 1521 per
902 1443 1027 1500 astra.

65 1533 279 1611 Namque
301 1532 432 1590 Aries
456 1533 647 1612 primam
672 1554 846 1612 partem
870 1533 949 1590 fibi
976 1531 1177 1591 vindicat
1193 1529 1312 1610 ipsi:

66 1622 226 1679 Altera
249 1646 348 1701 pars
374 1626 530 1679 Tauro
547 1666 562 1688 ‚
597 1624 809 1680 Geminis
835 1625 933 1682 sors
955 1624 1088 1682 tertia
1112 1624 1253 1681 cedit.

63 1715 140 1768 Sic
165 1713 284 1770 inter
307 1712 455 1770 trinos
480 1712 671 1771 divisum
695 1713 876 1771 ducitur
901 1715 1062 1771 astrum
1082 1758 1097 1779 ‚

64 1806 161 1860 Tot
183 1804 352 1860 ducens
375 1804 494 1860 vires
514 1849 529 1872 .,
555 1804 777 1862 dominos
801 1824 1105 1883 quotcunque
1131 1803 1324 1882 recepit.
1565 1826 1589 1876 3
1611 1827 1628 1859 ι
1647 1826 1680 1877 ςἸ

60 1896 255 1954 Diversa
276 1899 321 1954 in
346 1899 500 1954 'sauro
525 1897 643 1955 ratio
670 1898 732 1957 est
750 1944 767 1968 ‚
792 1922 879 1956 nec
901 1922 1028 1978 parte
1051 1899 1132 1956 sub
1157 1897 1235 1954 iila

64 1986 322 2044 Censetur:
351 1992 538 2043 Cancro
563 1986 754 2066 primam
772 2032 787 2054 ‚
809 1989 1102 2067 mediamque
1128 1983 1310 2051 Leoni,

62 2081 321 2138 Extremam
351 2081 572 2161 Erigonae
597 2082 768 2138 tribuit.
796 2085 967 2139 Natura
993 2105 1077 2161 per
1097 2083 1260 2138 astrum

59 2173 152 2227 Stat
177 2192 325 2228 tamen
344 2216 359 2238 ,
383 2171 432 2230 &
457 2172 668 2251 proprias
690 2173 850 2230 miscet
872 2195 954 2251 per
975 2172 1149 2251 singula
1174 2171 1312 2230 vires·

59 2263 191 2321 Libra
212 2265 374 2322 decem
400 2284 549 2345 partes
575 2265 886 2323 Geminorum
909 2265 1053 2344 prima
1077 2265 1293 2346 capeffit;
1555 2286 1670 2338 320

59 2357 285 2436 Scorpios
309 2358 566 2434 adjunctas:
599 2358 821 2415 Centauri
843 2357 973 2415 tertia
999 2357 1095 2415 sors
1119 2358 1196 2416 est.

58 2452 160 2505 Nec
183 2448 419 2528 quisquam
445 2471 639 2505 numero
665 2448 966 2506 discernitur:
994 2449 1158 2506 ordine
1183 2448 1322 2506 cedit.

59 2545 240 2598 Cancer
261 2540 307 2597 in
331 2541 572 2598 adversum
600 2539 879 2619 Capricorni
900 2538 1060 2618 dirigit
1081 2540 1242 2597 astrum
1261 2583 1277 2607 ‚

53 2633 127 2691 Bis
151 2632 308 2712 quinas
332 2632 526 2712 primum
551 2654 699 2712 partes
726 2633 938 2712 dignatus
959 2633 1006 2690 in
1031 2631 1118 2690 illo

54 2725 303 2802 Temporis
327 2723 524 2781 articulo
545 2768 560 2789 ‚
586 2723 665 2779 sub
688 2745 783 2801 quo
807 2722 1015 2779 censetur
1037 2721 1086 2780 ἃ
1111 2723 1240 2801 ipse;
1547 2746 1573 2800 3
1589 2746 1657 2802 25

57 2818 205 2892 Quod
228 2816 337 2873 facit
357 2817 554 2894 aequales
578 2816 703 2871 luces
725 2814 1004 2872 brumalibus
1027 2815 1197 2872 umbris
1212 2862 1229 2885 9

56 2912 413 2986 Cognatamque
436 2906 557 2986 gerit
578 2907 765 2964 diverso
789 2906 834 2963 in
859 2905 1045 2964 cardine
1073 2908 1244 2987 legem·

55 2996 254 3054 Alterius
282 2995 418 3073 partis
446 2995 679 3073 perfundit
700 2994 923 3073 Aquarius
952 2995 1114 3073 ignes,

53 3088 208 3162 Quem
231 3086 427 3146 subeunt
448 3085 597 3147 Pisces
621 3107 830 3147 extremo
856 3085 1003 3146 sidere
1032 3086 1214 3146 Cancri,
