2165 3792
409 221 552 282 DE
616 224 682 280 P.
747 224 1270 282 VIRGJLJO.
1553 219 1666 298 187

263 360 379 407 item
412 372 592 406 errores
629 354 722 405 suis
752 353 878 403 locis'
904 355 1114 402 annotati
1139 371 1151 405 ε
1181 371 1210 404 a
1235 354 1457 420 Philippo
1483 356 1667 405 Pincia-

267 425 633 475 noli'lantuano.
675 426 821 473 Venet.
840 420 924 470 fol.
961 420 1030 470 Ex
1057 423 1133 471 ed.
1163 423 1348 473 Veneta
1379 441 1497 493 1495
1522 424 1665 473 dusta

192 514 211 535 x
265 493 472 541 videtur.
742 501 777 506 ”

64 558 412 611 s--—--aliam
442 556 672 608 Venetam
711 553 856 618 hujus
892 553 1004 603 anni
1041 555 1139 607 Iac.
1179 558 1349 605 Zacchi
1378 559 1671 624 typographi,

270 630 406 689 cujus
447 638 610 674 tamen
657 639 837 672 nomen
875 620 1148 686 suspeetum
1196 623 1375 687 habet,
1416 626 1671 682 memorari

270 705 407 744 notat
439 691 668 743 Maittair.
699 707 746 754 p.
778 689 926 740 6882.

64 774 81 813 ’.
115 801 130 814 .
172 802 187 815 .
226 802 239 815 .
267 764 314 814 Ρ.
341 763 398 811 V.
424 761 494 811 M.
516 760 577 808 ad
604 758 861 810 Ostavium
894 758 1062 818 Culex,
1088 774 1134 818 4.
1165 756 1341 821 absque
1371 761 1602 824 temporis
1625 764 1672 813 δε

269 829 366 879 1οοί
391 827 670 888 notatione,
691 826 818 875 circa
848 824 996 875 finem
1030 824 1174 886 hujus
1204 825 1364 877 seculi.

339 961 642 1014 Editionibus
669 960 814 1022 hujus
841 959 987 1009 seculi
1017 960 1111 1010 fine
1142 960 1239 1010 loci
1269 963 1312 1012 ὅ(
1341 963 1573 1028 temporis
1594 981 1676 1014 no-

271 1032 453 1081 tatione
483 1029 674 1079 excusas
710 1028 904 1090 subjicit
937 1029 1151 1093 Heynius
1183 1028 1465 1092 sequentes:

339 1100 387 1149 P.
404 1099 459 1148 V.
494 1098 565 1148 M.
602 1113 716 1145 cum
749 1097 1023 1145 Comment.
1053 1097 1196 1145 Servii
1224 1101 1269 1146 δε
1301 1099 1507 1147 Landini.
1544 1102 1678 1147 Vene-

273 1168 353 1216 tiis
391 1182 474 1230 per
509 1166 675 1228 Ligam
713 1163 930 1214 Boariam
968 1165 1018 1213 X
1059 1162 1163 1214 Kal.
1206 1164 1316 1225 Jun.
1360 1165 1443 1214 fol.
1480 1166 1681 1216 Landini

279 1236 471 1284 Comm.
508 1233 637 1281 haud
671 1242 781 1280 ante
811 1248 886 1279 an.
931 1231 1054 1295 1489
1086 1231 1323 1294 expressus
1360 1233 1559 1283 videtur.

341 1299 562 1365 Virgilius
589 1316 701 1348 curn
730 1300 855 1348 notis
891 1298 1053 1348 Servii.
1079 1299 1130 1347 in
1162 1298 1284 1350 Bibl.
1318 1299 1499 1363 Harlej.
1534 1301 1593 1352 T.
1625 1303 1676 1367 I,

366 1387 383 1416 1
427 1371 472 1418 6.

277 1386 477 1486 P⁹P.7V.
509 1435 577 1486 M.
609 1435 771 1498 Opera
800 1437 845 1484 Sc
875 1432 1118 1497 Opuscula
1147 1450 1259 1484 cum
1285 1436 1543 1500 Priapejis:
1579 1436 1611 1487 s.
1641 1454 1683 1491 a.

284 1506 330 1554 δε
353 1502 384 1551 l.
419 1502 504 1552 sed
538 1518 651 1551 cum
686 1502 946 1566 signaturis.

364 1572 644 1634 Londinenfis
686 1581 824 1618 vetus
872 1568 1020 1618 editio
1059 1584 1087 1618 a
1132 1568 1345 1619 Martino
1389 1570 1451 1620 ad
1506 1571 1679 1637 Georg.
1746 1570 1756 1577 ”’

281 1637 536 1701 aliquoties
564 1650 826 1686 memorata
856 1636 1011 1686 forsan
1052 1638 1223 1686 eadem
1251 1638 1317 1686 est
1341 1651 1453 1687 cum
1478 1639 1559 1689 illa
1589 1644 1686 1691 Bu.

280 1707 511 1754 colicorum
548 1704 581 1754 s.
627 1722 669 1753 a.
712 1721 796 1768 per
834 1704 973 1753 Rich.
1014 1706 1304 1771 Pyrzsonum,
1331 1707 1411 1769 qui
1441 1707 1564 1757 intra
1603 1726 1679 1760 an.

289 1788 411 1839 1493
462 1775 507 1822 ἃ
543 1772 664 1836 1528
706 1771 1075 1836 typographiam
1121 1773 1314 1820 Lonclini
1363 1777 1589 1827 exercuit.
1617 1776 1681 1826 cf.

285 1842 503 1904 Amefium
542 1839 642 1889 Old
680 1837 875 1901 English
903 1839 1107 1888 Printers
1140 1855 1187 1902 p.
1230 1856 1337 1905 130.

126 1972 300 2027 AETAS
334 1973 383 2024 II
411 1974 703 2024 ASCENSI
703 1974 1262 2024 o—ALDINo--E
1269 1975 1375 2024 GN
1373 1974 1652 2025 ATIANA„

696 2127 715 2158 1
731 2126 923 2177 500—-
933 2108 1058 2175 1546

96 2246 132 2295 A
157 2242 480 2309 principibus:
512 2243 622 2304 jod.
649 2243 798 2293 Badio
828 2246 1140 2303 ASCENSIO,
1158 2245 1420 2309 interprete
1445 2248 1596 2312 magis
1622 2250 1692 2299 fa·-

296 2310 486 2372 miliari,
510 2327 654 2374 quam
671 2312 848 2362 Critico
863 2351 876 2373 ,
895 2311 977 2360 sed
997 2314 1133 2374 cujus
1150 2314 1350 2362 duetum
1367 2314 1523 2364 forsan
1544 2333 1601 2365 ex
1621 2316 1695 2364 su·

294 2379 469 2442 periori
497 2379 652 2442 aliqua
692 2380 889 2429 Parisma
921 2379 1198 2442 exemplum
1225 2380 1302 2430 vel
1331 2383 1585 2445 repetitum
1619 2382 1695 2434 vel

299 2447 434 2495 novis
479 2445 680 2495 aliorum
722 2448 846 2495 curis
892 2449 1203 2497 emendatum
1247 2448 1340 2509 est3
1380 2452 1530 2500 ALDO
1571 2468 1658 2501 avo
1677 2491 1691 2512 ‚

300 2516 437 2576 cujus
487 2515 683 2576 quidem
728 2514 866 2564 lettio
913 2516 1120 2578 primum
1168 2532 1261 2579 ope
1308 2516 1426 2567 Cod.
1481 2519 1695 2569 Medicei

302 2585 352 2632 in
398 2582 560 2645 Opere
603 2581 816 2644 orthogr.
869 2583 926 2631 ab
974 2582 1072 2645 ipso
1117 2582 1295 2632 laudati
1337 2595 1464 2634 certe
1515 2586 1573 2635 ab
1617 2604 1694 2637 an.

307 2665 435 2712 1514
463 2650 522 2697 ad
553 2650 599 2699 P.
634 2650 801 2700 Bembi
837 2652 880 2699 ὁὶ
913 2652 1058 2699 Andr.
1090 2651 1316 2714 Naugerii
1347 2654 1693 2717 exemplarium

301 2716 449 2765 fidem
469 2718 718 2766 constituta
736 2717 966 2767 familiam
995 2719 1157 2779 duxit3
1179 2718 1220 2778 J.
1241 2718 1374 2780 Bapt.
1398 2722 1662 2774 EGNATIO
1677 2761 1694 2780 ‚

300 2784 382 2846 qui
407 2801 579 2832 novam
602 2784 802 2848 suscepit
821 2787 1207 2834 emendationem
1223 2823 1237 2846 ,
1258 2800 1313 2834 ac
1334 2789 1512 2848 primus
1541 2791 1695 2840 edidit

305 2852 464 2911 Probi,
485 2853 653 2900 veteris
675 2854 1001 2915 Grammatici‚
1022 2855 1492 2905 Commentariolurn.
1519 2858 1584 2908 Ex
1604 2857 1695 2907 hac

303 2920 604 2968 emendatior
620 2924 663 2970 Sc
683 2920 834 2970 Probo
855 2923 1036 2971 austior
1058 2921 1198 2971 evasit
1221 2924 1513 2990 Lugdunenfis
1529 2925 1695 2975 Ascen-

307 2985 433 3034 {iana
466 2994 580 3052 (an.
613 2990 769 3054 1517)
798 2990 921 3037 inter
953 2989 1145 3052 primati
1164 3005 1196 3038 ιε
1225 2987 1458 3041 habenda.
1500 2993 1696 3052 Juntina

311 3051 331 3101 l
350 3065 510 3101 utrum
528 3054 746 3105 Aldinam
761 3095 774 3116 ,
796 3073 853 3105 an
874 3058 1183 3120 Egnatianum
1204 3055 1361 3106 secuta
1387 3064 1592 3109 maxime
1622 3061 1702 3121 fic,

313 3136 411 3169 non
451 3120 708 3187 haberium,
753 3125 884 3189 quod
921 3126 1025 3190 post
1058 3125 1130 3178 Cl.
1159 3125 1406 3189 Heynium
1440 3129 1654 3178 dicamus
1682 3145 1699 3188 ;
