2165 3792
336 156 418 213 M.
462 158 870 218 MANJLJI
918 168 1211 228 LIBER
1271 177 1340 233 V.

39 279 406 361 Heniochusque
429 308 606 344 memor
630 309 784 345 currus
800 333 817 358 ‚
843 290 1121 375 plaustrique
1146 304 1318 377 Bootes
1338 347 1355 373 ,

36 377 191 450 Atque
215 374 456 433 Ariadneae
480 378 681 436 coelestia
703 381 826 439 dona
848 386 1061 444 Coronae
1079 432 1095 454 ‚

37 461 200 519 Vistor
221 461 269 520 δι
300 463 456 523 invisae
486 467 671 525 Perseus
693 493 795 528 cum
821 472 937 531 falce
964 477 1174 537 Medusae
1191 524 1206 548 ‚

35 554 476 636 Andromedamque
500 582 670 640 negans
695 564 883 641 genitor
905 589 1007 626 cum
1030 573 1239 654 conjuge
1263 579 1481 660 Cepheus
1499 627 1516 652 ‚

24 648 239 725 vQuaque
261 649 390 706 volat
415 649 611 708 stellatus
634 654 764 732 aquis
782 701 796 723 ἦ
822 657 1061 738 celerique
1085 663 1273 743 Sagittae

34 738 292 817 Delphinus
318 760 492 798 certans
514 788 527 810 ,
555 742 603 801 ὃ(
626 744 800 823 Jupiter
831 748 952 806 Alite
976 750 1117 808 tesstus
1135 795 1153 821 ‚
1575 785 1641 841 25

37 831 299 910 Ceteraque
317 832 362 889 in
390 852 494 891 toto
518 835 668 914 passim
697 839 895 898 labentia
922 842 1067 901 coelo.
1411 859 1427 906 'x

36 922 158 995 Quae
181 922 293 980 mihi
317 947 399 1003 per
422 928 633 1008 proprias
656 931 774 991 vires
800 933 898 994 sunt
923 939 1086 998 cunita
1113 942 1351 1013 canenda3

34 1012 163 1087 Quid
189 1016 368 1074 valeant
392 1043 494 1077 ortu
517 1066 531 1088 ‚
557 1022 669 1101 quid
693 1048 796 1083 cum
821 1049 1093 1107 merguntur
1116 1033 1162 1090 in
1188 1035 1330 1095 undas
1355 1076 1373 1103 ‚

36 1107 92 1161 Et
111 1108 240 1183 quod
266 1108 323 1165 de
349 1108 417 1167 bis
442 1111 516 1169 sex
544 1114 668 1172 astris
692 1139 772 1195 par
794 1121 1020 1201 quodque
1045 1125 1246 1185 reducat.

37 1197 128 1254 Has
149 1196 288 1256 stellis
313 1203 524 1281 proprias
547 1204 665 1264 vires
692 1208 741 1267 δι
768 1231 980 1291 tempora
1004 1238 1154 1273 rerum
1579 1246 1650 1298 30

38 1289 294 1348 Constituit
315 1294 470 1374 magni
494 1299 728 1375 quondam
751 1301 998 1364 fabricator
1019 1299 1231 1389 Olympiss

119 1381 204 1438 Vir
224 1385 378 1466 gregis
405 1386 454 1444 ἃ
478 1387 613 1466 ponti
637 1391 814 1467 vi&or‚
845 1395 919 1452 cui
943 1416 1071 1476 parte
1096 1400 1255 1458 relista

38 1475 226 1532 Nomen
252 1478 462 1557 onusque
487 1481 649 1550 dedit,
676 1508 761 1542 nec
784 1488 910 1566 pene
935 1488 1141 1547 immunis
1163 1492 1219 1549 ab
1240 1491 1336 1572 ipsa

41 1561 304 1634 Colchidos
323 1610 338 1631 ‚
361 1565 410 1623 ἃ
432 1568 629 1647 magicas
652 1592 769 1630 artes
786 1617 801 1641 ‚
824 1575 906 1654 qui
929 1598 1113 1637 vertere
1134 1581 1340 1642 Jolchon

41 1654 258 1711 Medeam
286 1657 401 1734 jussit
418 1704 434 1727 ‚
459 1660 700 1741 movitque
727 1687 912 1725 venena
935 1691 1019 1748 per
1044 1672 1244 1745 orbem;
1583 1703 1605 1753 3
1627 1704 1648 1757 5

37 1745 175 1802 Nunc
200 1769 393 1827 quoque
416 1749 611 1811 vicinam
635 1755 830 1836 puppim
849 1804 864 1828 ‚
888 1781 972 1817 ceu
995 1761 1216 1843 naviget,
1238 1772 1368 1847 Argo
1392 1783 1411 1838 ,ζ

37 1843 107 1894 Ac
131 1840 277 1898 dextri
299 1842 451 1900 lateris
475 1845 611 1904 ducat
637 1849 834 1929 regione
856 1875 942 1932 per
962 1853 1088 1912 astra.

40 1932 130 1988 Sed
155 1955 257 1990 cum
281 1934 425 2013 prima
455 1937 561 1995 suos
585 1941 754 2020 puppis
775 1945 1017 2026 consurgit
1039 1946 1084 2004 in
1111 1947 1277 2027 ignm,

40 2025 259 2096 Quatuor
280 2024 325 2080 in
353 2048 502 2105 partes
527 2053 630 2087 cum
656 2035 893 2114 Corniger
919 2036 1082 2096 extulit
1103 2063 1215 2098 ora:

39 2113 130 2171 Illo
157 2116 358 2194 quisquis
385 2118 471 2176 erit
492 2122 620 2179 terris
646 2125 826 2184 oriente
852 2148 1030 2187 creatus
1048 2175 1063 2197 ‚
1577 2158 1653 2206 40

39 2204 214 2263 Redor
236 2208 322 2264 erit
345 2211 513 2292 puppis
531 2259 546 2281 ‚
569 2216 800 2296 clavoque
821 2220 1072 2280 immobilis
1094 2223 1274 2286 haerens

41 2302 245 2359 Mutabit
264 2307 435 2385 pelago
462 2328 601 2368 terras
619 2355 635 2374 .,
659 2313 907 2392 ventisque
927 2315 1147 2396 sequetur

40 2395 289 2450 Fortunam
308 2441 323 2463 ,
349 2416 593 2476 totumque
616 2403 749 2459 volet
773 2425 950 2464 tranare
974 2410 1257 2486 profundum

43 2484 264 2542 Claffibus
283 2531 297 2553 .,
325 2509 463 2566 atque
487 2489 603 2547 alios
628 2494 805 2550 menses
825 2538 838 2561 ‚
859 2496 1091 2574 aliumque
1114 2499 1274 2559 videre

41 2575 201 2634 Phasin
221 2624 234 2644 ,
258 2578 306 2637 ὅ(
329 2578 372 2636 in
398 2600 548 2638 cautes
572 2582 761 2663 Tiphyn
783 2585 996 2666 superare
1017 2609 1314 2653 trementem
1580 2620 1649 2674 45

42 2667 188 2725 Tolle
208 2669 315 2726 istos
340 2690 492 2749 partus
518 2671 756 2734 hominum
779 2675 858 2734 sub
883 2677 1028 2737 sidere
1050 2680 1160 2749 tali3

44 2759 282 2817 sustuleris
307 2762 479 2821 beilum
503 2766 694 2843 Trojae‚
718 2767 992 2848 classemque
1017 2772 1211 2831 solutam

43 2851 277 2930 Sanguine
303 2852 353 2910 8(
373 2855 608 2934 appulsam
629 2856 788 2915 terris:
815 2882 910 2917 non
934 2860 1123 2920 invehet
1145 2863 1280 2922 undis

44 2937 201 2999 Sidera
217 2987 232 3010 ‚
259 2966 343 3000 nec
365 2946 556 3026 pelagus
574 2953 755 3008 Xerxes
781 2950 1012 3033 facietque
1033 2975 1285 3036 tegetque:

42 3027 181 3090 Hieta
203 3035 442 3113 Syracusas
459 3079 475 3104 ,
493 3037 679 3098 Salamis
697 3063 796 3101 non
819 3064 1000 3126 merget
1020 3047 1244 3109 Athenas:
1568 3079 1646 3139 Κςο

1533 189 1636 260 175

1567 333 1641 368 20
