2165 3792
442 231 488 290 6
890 239 1656 306 P.VIRGILII

443 363 681 443 Cognitus
704 364 901 424 utilitate
926 389 1107 428 manet:
1136 395 1222 431 nec
1245 376 1418 454 pocula
1439 399 1618 457 gratum

437 456 635 533 Alconis
659 457 892 525 referent,
917 461 1145 543 Boetique
1171 484 1406 525 toreuma:
1437 492 1524 525 nec
1545 470 1646 527 Indi

441 545 672 604 Concbea
692 546 829 605 bacca
852 550 985 608 matis
1007 553 1162 630 pretio
1190 556 1280 611 est:
1308 572 1353 612 at
1378 557 1570 635 peetore
1593 583 1714 639 puro

439 638 576 714 Saepe
602 636 740 716 super
764 660 932 699 tenero
959 644 1209 721 prosternit
1232 647 1441 726 gramine
1467 672 1639 729 corpus
1654 678 1707 725 ι.

435 727 626 786 florida
649 752 751 788 cum
774 732 910 793 tellus
933 756 1221 812 gemmantes
1245 737 1367 816 pieta
1391 762 1474 819 per
1493 740 1658 800 herbas

433 824 561 881 Vere
583 842 716 882 notat
739 825 864 884 dulei
888 827 1095 886 diffinita
1120 831 1361 890 coloribus
1385 856 1518 892 arva:

431 918 592 991 Atque
618 913 779 983 illurn,
803 918 980 978 calamo
1006 909 1160 979 laetum
1183 922 1426 981 recinente
1451 926 1665 1004 palustri,

432 1004 641 1084 Otiaque
666 1007 835 1068 invidia
860 1012 1113 1089 degentem
1137 1036 1189 1070 ac
1211 1014 1370 1072 fraude
1389 1038 1570 1075 remota
1587 1065 1604 1087 ,

429 1096 793 1179 Pollentemque
820 1100 932 1171 fibi,
955 1103 1093 1160 viridi
1121 1126 1223 1162 cum
1249 1103 1442 1183 palmite
1465 1107 1625 1165 lucens

426 1183 563 1244 Vitea
584 1190 834 1268 pampineo
860 1191 1013 1250 subter
1032 1215 1166 1251 coma
1190 1193 1315 1251 velat
1337 1193 1519 1251 amielu.

423 1278 499 1337 Illi
523 1279 627 1338 sunt
650 1302 790 1362 gratae
816 1306 1021 1342 rorantes
1043 1286 1157 1344 laete
1182 1287 1396 1366 capellae:

425 1372 486 1426 Et
504 1394 663 1431 nemus
681 1418 697 1442 ‚
722 1374 772 1433 ἃ
791 1375 1007 1436 foecunda
1029 1379 1157 1437 Pales
1173 1424 1188 1447 ,
1212 1379 1262 1438 &
1285 1379 1483 1438 vallibus
1509 1381 1610 1442 imis

422 1466 621 1544 Semper
646 1490 791 1545 opaca
816 1470 950 1528 novis
973 1471 1203 1534 manantia
1223 1472 1431 1530 fontibus
1453 1494 1593 1535 antra.

420 1556 546 1631 Quis
569 1560 715 1636 magis
744 1581 907 1638 optato
929 1581 1071 1640 queat
1094 1563 1185 1620 effe
1207 1564 1387 1623 beatior
1411 1589 1517 1625 aevo
1536 1610 1552 1631 ,

417 1652 576 1724 Quam
600 1653 677 1729 qui
697 1674 854 1711 mente
873 1654 1042 1733 procul
1064 1677 1177 1734 pura
1198 1654 1427 1734 sensuque
1453 1658 1703 1735 probando

415 1742 535 1798 Non
559 1741 712 1800 avidas
734 1744 933 1822 agnovit
958 1767 1105 1824 opes;
1130 1768 1227 1802 non
1248 1744 1386 1802 tristia
1410 1746 1533 1804 bella
1552 1791 1568 1815 ‚

414 1832 522 1889 Nec
545 1832 715 1890 funesta
741 1832 873 1892 timet
894 1837 1061 1892 validae
1082 1836 1328 1894 certamina
1351 1836 1525 1903 claffis;

414 1921 530 1979 Non
547 1966 561 1989 ‚
586 1923 748 2002 spoliis
769 1927 874 1983 dum
902 1926 1048 1985 saneta
1073 1931 1223 1985 Deum
1247 1926 1532 2004 fulgentibus
1558 1948 1696 2006 ornet

413 2014 610 2093 Templa
627 2059 642 2082 ‚
664 2017 738 2074 vel
760 2019 941 2075 eveAElus
963 2018 1104 2076 finem
1125 2017 1417 2076 transcendat
1437 2017 1671 2087 habendi,

404 2104 670 2164 ⁵Adversnm
700 2107 830 2165 saevis
852 2110 977 2166 ultro
998 2131 1139 2190 caput
1160 2108 1366 2168 hostibus
1389 2109 1547 2167 offert.

404 2194 482 2252 Illi
508 2196 628 2255 falce
645 2243 660 2265 ‚
680 2203 806 2257 Deus
829 2200 1002 2259 colitur
1019 2245 1035 2268 ‚
1060 2224 1158 2259 non
1181 2219 1279 2258 arte
1298 2244 1314 2266 ‚
1337 2199 1543 2278 politus:

403 2286 492 2344 Ille
514 2289 633 2347 colit
655 2289 789 2349 lucos
810 2338 825 2360 ‚
850 2291 919 2350 illi
944 2293 1197 2351 Panchaica
1222 2292 1351 2350 thura
1367 2336 1381 2357 ‚

401 2377 621 2438 Floribus
642 2385 839 2461 agrestes
863 2384 1022 2442 herbae
1044 2383 1325 2442 variantibus
1343 2429 1359 2451 .,
1381 2383 1572 2441 adsunt:

400 2469 476 2527 Illi
502 2472 652 2530 dulcis
672 2475 797 2533 adest
818 2476 1002 2555 requies
1021 2521 1036 2543 ‚
1062 2476 1111 2534 &
1139 2499 1252 2556 pura
1273 2476 1490 2556 v‘oluptas
1510 2519 1526 2542 ‚

403 2560 567 2622 Libera
586 2609 602 2632 ‚
631 2564 914 2646 simplicibus
937 2568 1084 2626 curis:
1110 2567 1201 2625 huc
1226 2567 1469 2633 imminet,
1494 2589 1656 2625 omnes

400 2652 577 2733 Dirigit
600 2656 688 2714 huc
714 2657 897 2717 sensus:
926 2658 1028 2716 haec
1050 2682 1156 2716 cura
1178 2660 1241 2716 est
1266 2658 1442 2715 subdita
1462 2658 1631 2726 cordi,

394 2751 632 2825 Quolibet
656 2774 706 2810 ut
729 2752 890 2831 requie
915 2753 1037 2811 visslu
1060 2773 1306 2812 contentus
1327 2752 1565 2818 abundet,

395 2842 702 2920 jucundoque
721 2844 851 2901 locet
873 2843 1143 2922 languentia
1165 2866 1367 2922 corpora
1390 2843 1578 2901 somno.

392 2936 440 2989 O
465 2934 667 3012 pecudes
685 2978 700 3001 ‚
725 2958 755 2993 o
781 2939 925 2992 Panes
941 2979 956 3001 ‚
985 2934 1035 2993 ὅ(
1060 2960 1091 2992 o
1122 2933 1358 3014 gratiffima
1381 2938 1565 3014 Tempe

387 3026 554 3085 Fontis
575 3027 970 3106 Hamadryadum:
997 3048 1189 3104 quarum
1213 3052 1308 3087 non
1334 3027 1481 3085 divite
1505 3028 1635 3086 cultu

383 3117 597 3178 'AEmulus
619 3117 808 3177 Ascraeo
834 3118 986 3199 pastor
1007 3117 1089 3177 fibi
1113 3117 1305 3200 quisque
1332 3139 1490 3199 poetae

1975 856 2052 912 70'

1962 1755 2037 1806 80

1939 2682 2017 2735 90

1923 3131 2003 3192 95,
