2165 3792
607 213 1138 272 LIBERI.
1618 226 1701 294 73*

14 351 201 448 ‘Qec
225 345 470 427 quidquam
494 342 542 402 in
565 362 688 402 tanta
718 343 860 423 magis
885 345 949 402 est
972 343 1182 402 mirabile
1206 344 1365 413 moie3
1586 354 1696 424 485

29 476 81 525 P?
97 442 252 514 Quam
279 435 394 494 ratio
410 480 425 502 ,
454 434 503 494 ὅ(
526 435 661 493 certis
688 436 816 514 quod
842 435 1022 514 legibus
1046 435 1201 492 omnia
1225 456 1404 514 parent.

94 528 327 606 Nusquam
351 527 479 584 turba
500 545 642 583 nocet
658 571 672 594 ‚
701 525 814 583 nihil
836 525 943 583 ullis
970 525 1176 605 partibus
1201 545 1356 593 errat,

93 619 256 677 Laxius
283 638 360 675 aut
381 617 563 676 brevius
583 636 819 675 mutatove
844 616 1010 676 ordine
1034 617 1192 675 fertur.

93 711 223 786 Quid
246 730 334 767 tam
358 710 601 768 confusum
625 710 810 791 specie,
833 712 943 791 quid
967 732 1056 770 tam
1082 712 1189 770 vice
1214 730 1390 770 certum
1415 712 1511 770 est?

91 808 161 860 Ac
181 801 290 858 mihi
314 821 405 858 tam
429 803 627 882 praesens
656 803 774 860 ratio
801 826 898 861 non
923 803 1018 861 ulla
1042 803 1224 863 videtur
1242 849 1258 872 ‚
1587 826 1704 879 490

90 896 197 968 Qua
222 912 372 972 pateat
393 894 612 950 mundum
636 894 795 951 divino
821 892 1007 950 numine
1027 894 1178 961 verti,

41 1012 72 1058 ss
90 990 245 1062 Atque
269 984 410 1065 ipsum
435 986 524 1043 effe
550 989 730 1043 Deum:
756 1007 839 1042 nec
862 985 985 1042 forte
1007 984 1149 1043 coiffe
1173 987 1412 1068 magistra·,

89 1081 154 1135 Ut
176 1077 328 1135 voluit
348 1078 472 1136 credi
492 1122 507 1145 .,
532 1078 609 1158 qui
636 1077 807 1158 primus
833 1078 1003 1136 moenia
1023 1079 1182 1136 mundi

86 1168 347 1231 Seminibus
374 1170 531 1227 struxit
552 1170 749 1227 minimis
765 1214 780 1237 .,
799 1169 941 1248 inque
965 1169 1041 1227 illa
1065 1170 1290 1230 resolvit:

90 1264 128 1319 E
151 1268 254 1338 quis
280 1260 329 1319 8<
353 1261 489 1320 maria
513 1261 561 1320 St
584 1280 723 1318 terras
752 1260 801 1319 &
823 1260 965 1318 sidera
992 1261 1129 1327 coeli,
1586 1282 1697 1340 495

89 1351 373 1431 AEtheraque
397 1351 622 1409 immensis
647 1350 947 1409 fabricantem
967 1350 1133 1407 finibus
1160 1350 1301 1409 orbes

91 1444 462 1523 Solventemqne
487 1444 604 1501 alios
626 1444 866 1510 constare3
890 1443 939 1501 δε
961 1443 1119 1500 ςυηᾶει
1145 1441 1317 1501 reverti

87 1539 137 1592 In
165 1535 242 1592 sua
266 1535 492 1614 principia
507 1579 522 1603 ‚
549 1535 599 1594 Sc
621 1558 773 1593 rerum
795 1555 971 1593 mutare
992 1535 1175 1614 figuras,

47 1625 209 1704 ,sQuis
238 1627 394 1684 credat
417 1646 560 1684 tantas
587 1648 781 1705 operum
806 1625 898 1683 fine
920 1627 1108 1683 numine
1130 1626 1282 1683 moles

57 1721 156 1788 ‘yEx
180 1719 379 1777 minimis
397 1764 412 1787 ,
433 1743 659 1799 caecoque
682 1738 881 1777 creatum
906 1718 1086 1776 foedere
1109 1718 1365 1776 mundum?
1591 1739 1704 1795 500

86 1809 134 1868 Si
159 1811 255 1868 fors
281 1810 357 1869 ista
381 1813 510 1869 dedit
533 1810 667 1870 nobis
685 1855 699 1878 ‚
721 1809 817 1868 fors
841 1808 937 1889 ipsa
960 1811 1205 1889 gubernet.

83 1905 147 1960 At
169 1925 248 1960 cur
271 1903 501 1983 dispositis
520 1902 697 1961 vicibus
722 1901 1009 1981 consurgere
1034 1899 1158 1980 signa
1176 1944 1192 1967 ‚

85 1996 145 2050 Et
164 1994 294 2051 velut
316 1994 513 2074 imperio
540 1991 836 2073 praescriptos
858 1991 1055 2048 reddere
1079 1991 1264 2057 cursu53

84 2085 335 2143 Cernimus
351 2111 365 2153 3
384 2108 436 2144 ac
463 2085 601 2142 nullis
628 2082 988 2164 properantibus
1013 2083 1107 2139 ulla
1127 2080 1361 2161 relinqui?

87 2180 187 2235 Cur
212 2178 371 2235 eadem
396 2177 570 2234 aestivas
594 2195 821 2235 exornant
843 2174 988 2233 fidera
1012 2175 1174 2233 ηοᾶες
1590 2194 1696 2251 505

82 2272 277 2348 Semper
294 2313 309 2336 .,
333 2268 383 2326 &
404 2269 617 2326 hibernas
644 2270 835 2326 eadem?
860 2288 1127 2346 certamque
1152 2267 1347 2345 figuram

85 2360 298 2439 Quisque
321 2359 419 2417 dies
445 2360 598 2417 reddit
619 2361 795 2416 mundo
812 2403 826 2425 ‚
853 2379 1117 2438 certamque
1138 2357 1395 2436 relinquit?

83 2453 176 2509 Jam
202 2468 295 2506 tum
315 2493 330 2515 ‚
353 2471 456 2506 cum
481 2449 636 2508 Graiae
660 2470 897 2508 verterunt
921 2455 1141 2527 Pergama
1165 2470 1362 2528 geum,

75 2539 251 2597 ἶΑτᾶἲος
277 2540 326 2598 δε
351 2539 508 2597 Orion
532 2540 730 2598 adversis
750 2539 982 2596 frontibus
1004 2539 1159 2595 ibant:

83 2634 198 2690 Haec
223 2651 444 2690 contenta
469 2633 573 2691 suos
601 2632 646 2688 in
674 2631 847 2689 vertice
875 2629 1059 2688 flectere
1085 2652 1262 2708 gyros;
1590 2651 1612 2708 5
1634 2648 1701 2690 ιο·

81 2724 167 2780 lile
195 2748 250 2782 ex
279 2723 468 2782 diverso
492 2743 751 2782 vertentem
776 2724 964 2801 surgere
990 2740 1157 2780 contra

88 2814 272 2872 Obvius
293 2859 307 2881 ‚
332 2814 381 2873 Sc
405 2833 512 2872 toto
537 2814 718 2894 semper
738 2814 985 2871 decurrere
1005 2814 1201 2870 mundo,

81 2907 414 2984 Temporaque
439 2904 648 2963 obscurae
676 2904 823 2962 noctis
848 2905 1138 2983 deprendere
1162 2904 1302 2985 signis

83 2996 175 3054 lam
203 3014 449 3075 poterant:
475 2996 743 3074 coelumque
770 2995 864 3053 suas
884 2996 1146 3054 distinxerat
1171 2996 1325 3056 horas·

83 3087 220 3161 Quot
244 3086 348 3169 post
374 3086 609 3146 excidium
635 3087 795 3167 Trojae
822 3087 924 3145 sunt
949 3105 1075 3146 eruta
1096 3095 1274 3169 regna?
1583 3109 1697 3170 515·
