2165 3792
420 233 561 290 DE
620 236 687 291 P.
744 192 1252 293 VIRGJLJO.
1545 252 1654 318 255

146 383 203 437 4.
250 365 405 424 Dirce
443 366 652 445 Valerii
693 364 930 423 Catonis
963 365 1021 422 in
1058 368 1341 426 Battarum
1376 367 1616 429 fluvium
1640 415 1662 444 ,

34 450 38 456 ’
62 473 201 530 quas
220 456 458 534 copioso
483 477 665 536 neque
688 455 971 513 inerudito
995 460 1404 517 commentario
1427 459 1660 519 illustra-
1705 495 1709 510 ‚

64 556 146 601 tas
171 543 459 623 separatim
485 547 657 604 edidit
690 546 1020 625 Christoph.
1054 546 1338 606 Arnoldus
1356 594 1370 621 ,
1399 551 1575 630 Lugd.
1598 552 1660 609 B.

71 639 220 720 1652
242 684 263 712 ν,
299 661 383 698 12.
423 641 574 698 Num
599 639 678 697 ob
709 660 871 718 agros
901 639 1031 697 suos
1062 640 1207 698 inter
1236 641 1539 701 creditores
1572 645 1662 702 di-

63 728 217 788 visos
243 731 300 787 in
327 731 424 788 has
450 729 852 788 exsecrationes
877 730 931 788 se
963 730 1221 789 effuderit
1239 776 1256 804 ,
1278 732 1409 790 vide
1432 779 1449 804 ‚
1475 734 1513 791 fi
1537 736 1659 814 pla-

60 840 152 880 cet
170 868 189 893 ,
216 821 580 900 disputantem
605 822 998 882 Boxhornium
1024 844 1079 902 p.
1105 843 1199 897 41.
1222 823 1297 903 sq.
1329 823 1500 902 Epist.

54 1038 58 1039 ⁷
152 1026 197 1086 ς.
235 1007 484 1083 Priapfy‘a
507 1007 623 1065 five
645 1006 791 1065 lusus
813 1022 982 1088 atque
1006 1006 1403 1087 epigrammata
1431 1009 1490 1066 in
1511 1009 1664 1067 Pria-

60 1115 195 1174 pum
242 1097 609 1169 LXXXVII,
654 1096 924 1155 obscoena
968 1099 1272 1155 maximam
1314 1114 1524 1176 partem
1549 1144 1564 1172 ‚
1597 1102 1661 1159 δε

61 1207 191 1245 cum
221 1187 479 1266 Scaligeri
506 1189 566 1245 &
590 1187 1032 1266 lindenbrogii,
1063 1187 1418 1267 Casparisque
1455 1189 1660 1267 Sciop-

63 1279 143 1356 pii
174 1291 186 1316 ¹
222 1278 372 1336 notis
397 1323 413 1351 ,
443 1280 505 1337 &
539 1278 848 1337 verborum
873 1278 1264 1358 phrasiumque
1291 1280 1475 1338 indice
1505 1279 1660 1358 sepa-

64 1370 225 1428 ratim
243 1370 389 1428 edita
415 1381 438 1406 2
467 1369 770 1427 Amstelod.
798 1368 962 1449 (licet
984 1368 1175 1427 titulus
1199 1370 1494 1432 Patavium
1515 1392 1660 1449 prae-

58 1459 213 1540 fert)
249 1483 298 1519 a.
354 1462 503 1533 1664
526 1504 542 1530 ‚
581 1459 633 1517 8.
680 1459 816 1517 Haec
861 1464 1087 1537 Virgilio
1122 1458 1319 1517 tribuit
1355 1460 1438 1518 J0.
1478 1460 1662 1518 Maria

58 1557 354 1613 Catanaeus
387 1553 455 1611 ad
487 1552 654 1609 Plinii
684 1553 740 1608 V
762 1597 779 1625 ‚
804 1550 971 1629 Epist.
1001 1572 1051 1628 3.
1082 1555 1281 1609 Ovidio
1309 1552 1618 1610 politianus
1638 1598 1658 1625 ‚

57 1668 107 1704 c.
148 1666 239 1727 59.
273 1645 505 1704 Miscell.
550 1645 685 1718 alii,
731 1660 794 1702 ut
844 1648 1036 1702 Franc.
1081 1643 1320 1701 Guietus
1359 1656 1376 1694 3
1410 1646 1660 1702 Domitio

56 1741 256 1815 Marso,
294 1737 410 1794 Alii
448 1736 689 1814 denique
727 1734 1078 1807 existimant,
1115 1750 1411 1812 poetarum
1445 1737 1658 1794 Maece-

56 1843 241 1886 natem
286 1827 670 1885 accedentium
709 1845 1168 1904 unumquemque
1206 1825 1517 1883 versiculos
1558 1826 1660 1884 ali-

51 1933 197 1996 quot
231 1915 459 1994 jocosos
485 1915 542 1973 in
573 1914 873 1994 parietibus
897 1914 1081 1973 sacelli
1103 1915 1321 1993 Priapei
1345 1915 1659 1996 adscripsis-

55 2009 108 2066 se
130 2054 146 2081 ‚
173 2007 363 2088 postea
385 2030 414 2068 a
439 2023 607 2086 poeta
631 2008 877 2086 quodam
900 2007 958 2064 in
981 2028 1157 2064 unum
1188 2006 1512 2066 fasciculum
1538 2008 1657 2067 col-

55 2101 227 2159 lectos
251 2147 267 2173 ‚
306 2101 403 2181 qui
441 2103 502 2159 &
547 2121 771 2158 carmen
812 2101 880 2157 ad
917 2100 1182 2157 lectorem
1222 2099 1545 2178 praefixerit.
1577 2105 1659 2166 [ta

54 2194 220 2255 sentit
243 2194 541 2272 Scioppius
569 2195 631 2252 &
656 2195 766 2253 Jac.
802 2192 981 2253 Maria
1009 2195 1244 2252 Gennus
1267 2194 1327 2251 in
1354 2195 1475 2254 vita
1511 2197 1655 2254 Mae-

126 2427 145 2457 1
188 2409 354 2458 Annos
382 2409 525 2458 XVII
557 2422 654 2458 tum
690 2423 819 2459 natus
891 2410 949 2458 ad
967 2409 1242 2476 Sophoclem
1264 2411 1550 2479 Sophistam‚
1571 2411 1655 2463 So-

52 2476 137 2525 fuit
165 2475 427 2543 Scioppius,
463 2495 568 2525 cum
600 2496 643 2526 a.
676 2494 815 2543 1595.
890 2479 1064 2555 phoclis
1091 2481 1148 2526 ad
1177 2481 1452 2531 Heraclium.
1482 2482 1540 2533 C.
1562 2483 1656 2530 An-

54 2547 431 2593 commentarium
463 2545 584 2593 illum
619 2562 814 2610 compo-
888 2547 997 2592 tonii
1036 2547 1093 2594 ad
1124 2545 1192 2623 Ω.
1224 2547 1478 2609 Soranum,
1516 2549 1655 2599 Cleo

52 2629 212 2670 neret,
237 2630 373 2678 quem
409 2612 562 2677 postea
606 2612 682 2659 scri
689 2612 816 2678 pfilse
889 2627 1071 2677 patrae
1061 2618 1227 2680 reginae
1255 2616 1312 2662 ad
1343 2617 1551 2665 eundem.
1579 2614 1650 2680 Q.

53 2679 97 2728 ie
137 2681 350 2746 negavit,
389 2681 438 2727 &
470 2678 695 2729 Goldasto
733 2682 813 2727 tri-
888 2677 1050 2728 Sorani
1094 2681 1151 2728 ad
1193 2681 1261 2730 M.
1296 2682 1549 2731 Antonium
1603 2686 1653 2732 δε

52 2745 538 2797 h1it.v.BaeliiLex
574 2748 618 2794 in
652 2747 812 2814 Sciop·
887 2747 1185 2812 Cleopatram
1221 2787 1237 2807 ,
1291 2750 1346 2797 de
1411 2750 1656 2816 priapismo

50 2814 488 2965 ¹³¹⁰2¹²312²i2311³255m33n
522 2881 630 2969 φᾶ
609 2900 681 2930 m
717 2882 815 2930 effi
888 2815 1161 2943 ἓῗὲἒῗῗῖ
1188 2817 1654 2935 Γῖῗὲῖῑῗιιῗέἓῗὶἓῗ

51 2950 173 2996 tione
195 2947 419 3014 Apuleji’
399 2967 523 3015 ανεχ
531 2949 611 3013 ὃεμ
616 2969 687 2999 νος
708 2967 814 2997 cum
886 2949 1013 2999 dasti.

50 3015 382 3080 Scioppiinotis
396 3019 813 3075 ‚occommentitiae
969 3034 990 3083 3
1039 3018 1160 3067 Vide
1193 3018 1304 3067 Ant.
1353 3019 1649 3070 Periandrum

53 3081 261 3148 Epistolae
295 3084 444 3133 latinae
475 3084 673 3134 Heraclii
695 3085 812 3151 Imp.
886 3086 929 3134 in
955 3085 1109 3136 Guieti
1135 3087 1266 3144 vita,
1295 3105 1340 3153 p.
1377 3105 1416 3155 5.
