2165 3792
626 225 1034 281 LIBER
1119 231 1249 285 III.

153 364 404 423 Extremo
430 377 576 415 totum
598 355 643 412 in
668 373 820 435 partes
844 353 903 412 ita
927 353 1091 434 differe
1113 372 1309 434 tempus·

151 445 232 503 His
258 445 422 524 opibus
446 443 528 502 tria
550 442 674 522 ligna
703 443 884 500 valent.
911 442 988 499 sed
1016 442 1188 499 summa
1208 442 1385 521 prioris

151 538 347 596 Accedit
366 534 542 595 numeri
565 536 814 614 conjuncla
838 535 1135 615 sequentibus
1160 534 1300 592 astris,

146 630 220 688 Sic
242 630 356 696 erit,
381 649 429 687 ut
448 629 587 687 ternis
611 628 750 686 fuerit
777 627 808 685 fi
835 628 1032 707 longior
1050 625 1187 684 horis-

144 720 342 779 Brumali
369 743 464 778 nox
485 719 609 778 forte
630 720 705 778 die
725 764 739 783 ,
767 718 1085 799 Capricornus
1108 717 1153 775 in
1181 717 1304 776 hora.

143 811 347 869 Dimidia
371 812 553 870 attollat
574 811 733 879 luces;
759 810 808 869 ἃ
837 810 1062 890 Aquarius
1086 810 1249 868 horam

143 900 248 980 Ipse
269 903 392 960 suam
417 900 611 982 proprie
639 902 774 959 ducat
792 946 806 970 ‚
832 903 1111 980 summaeque
1135 898 1285 979 priori

145 992 409 1072 Adjungat:
440 991 590 1050 Pisces
615 1011 788 1051 tantum
812 992 890 1051 fibi
917 991 1147 1072 temporisv
1166 990 1249 1072 ipfi

147 1083 442 1144 Constituant
459 1128 473 1151 ‚
499 1105 720 1164 quantum
740 1083 967 1164 accipiant
990 1085 1048 1141 de
1075 1083 1201 1139 sorte
1221 1080 1472 1161 priorumg,

148 1180 205 1233 Et
229 1176 377 1233 tribus>
393 1175 589 1255 expletis
611 1174 769 1243 horis,
795 1175 1079 1254 nociemque
1098 1173 1323 1251 diemque

145 1265 378 1346 Lanigero
405 1266 584 1324 tradant
607 1267 875 1349 aequandam
899 1285 1116 1345 tempore
1138 1262 1285 1322 veris,

146 1356 315 1436 Incipit
338 1380 362 1414 a
383 1357 504 1416 sexta
527 1377 708 1439 tempus
731 1359 990 1438 procedere
1017 1374 1147 1436 parte

147 1450 424 1508 Dividuum:
450 1450 689 1530 duplicant
711 1452 833 1510 vires
857 1450 1078 1508 haerentia
1100 1448 1258 1531 figna3

149 1540 417 1619 Ultimaque
440 1561 651 1621 acceptas
675 1543 926 1622 triplicant²
953 1548 1019 1600 Ita
1041 1542 1212 1599 summa
1239 1538 1407 1597 diebus

147 1630 397 1687 Redditur:
427 1651 612 1709 aequato
637 1632 877 1692 solvuntur
899 1634 1080 1690 foenere
1109 1633 1297 1688 noEles:

147 1721 314 1778 Rursus
340 1721 389 1779 ἃ
412 1720 634 1801 incipiunt
656 1723 845 1804 propria
875 1725 934 1780 de
958 1723 1082 1781 sorte
1107 1723 1270 1779 diebus

149 1814 337 1872 Cedere
361 1815 583 1873 conversa
607 1817 806 1875 labentia
832 1837 1044 1897 tempora
1064 1818 1188 1898 lege.

147 1908 360 1985 Namque
381 1907 514 1964 Aries
539 1908 738 1967 totidem
763 1910 953 1968 deducit
973 1909 1187 1968 noctibus
1210 1908 1346 1965 horas
1363 1953 1387 1977 ,

146 2000 286 2073 Quot
304 1997 428 2077 prius
451 1999 729 2058 abstulerant
748 1999 946 2080 proprio
973 2000 1054 2058 sub
1082 1999 1276 2057 nomine
1297 1997 1474 2055 Pisces,

146 2091 277 2147 Hora
298 2090 428 2148 datur
447 2094 632 2150 Tauro:
661 2092 995 2170 cumulentque
1019 2110 1069 2148 ut
1093 2091 1256 2147 damna
1279 2088 1436 2167 priora
1448 2130 1473 2156 ‚.

145 2182 395 2240 Dimidiam
419 2184 675 2265 adjungunt
703 2182 910 2242 Gemini.
935 2183 1010 2240 Sic
1030 2182 1192 2240 ultima
1218 2180 1374 2261 primis

146 2273 449 2354 Respondent
466 2321 481 2344 ‚
501 2276 766 2356 pariterque
792 2275 883 2333 illis
911 2298 1015 2355 q-uae
1038 2273 1253 2355 proxima
1274 2270 1484 2352 fulgentz

150 2372 208 2426 Et
230 2368 381 2425 media
404 2369 593 2447 aequa-tis
619 2370 863 2428 censentur
885 2369 1062 2428 viribus
1081 2368 1190 2426 astra
1208 2410 1227 2434 .,

147 2454 510 2534 Praecipuosque
534 2475 698 2534 gerunt
721 2456 936 2514 varianda
959 2457 1014 2512 ad
1041 2473 1254 2533 tempora
1275 2470 1442 2510 motus.

150 2549 250 2603 Hac
273 2544 377 2602 vice
400 2545 643 2603 discedunt
669 2545 830 2604 noRes
853 2547 910 2602 ad
932 2544 1077 2603 fidera
1098 2544 1271 2601 brumae
1291 2586 1313 2611 ,

131 2636 498 2714 Tollunturque
523 2635 655 2704 dies.·,
679 2636 883 2715 annique
909 2633 1150 2695 invertitur
1173 2632 1294 2691 ordo
1316 2675 1334 2699 e,

149 2728 403 2787 Solstitium
428 2729 543 2787 tardi
567 2729 677 2787 dum
695 2729 745 2787 fit
769 2729 848 2787 sub
874 2728 1020 2787 sidere
1047 2726 1234 2786 Cancri.

149 2821 383 2898 Tuncque
409 2817 533 2876 diem
555 2818 733 2877 brumae
757 2842 853 2877 nox
875 2841 1059 2898 aequat,
1080 2837 1294 2896 tempora
1315 2810 1480 2871 nostis.

151 2914 313 2992 Longa
337 2912 436 2972 dies
453 2957 471 2981 ‚
493 2911 724 2992 similique
746 2911 894 2979 redit,
919 2933 1058 2991 quarn
1084 2927 1320 2976 creverat,
1346 2904 1470 2964 assu.

150 3004 235 3061 llla
257 3003 394 3061 etiam
418 3003 594 3084 poterit
618 3004 811 3062 nascens
834 3003 910 3062 via
930 3004 1103 3062 ducere
1125 3002 1180 3060 ad
1201 3001 1406 3068 astrum,

156 3097 307 3172 Quod
328 3097 620 3179 quandoque
645 3098 768 3162 vadis
789 3096 998 3158 emiffum
1017 3095 1225 3157 redditur
1247 3093 1371 3234 odili,

1342 3196 1345 3200 .
1384 3197 1422 3245 4

1604 246 1757 309 ⁴¹35

1645 464 1755 523 ⁴55

1640 903 1763 968 '460

1647 1836 1765 1883 47&

1648 2291 1763 2344 475-
