2165 3792
503 199 978 256 ·LIBER
1058 202 1143 259 ΙΙ.’

51 318 268 414 Quattiot
291 333 335 392 in
361 350 509 414 partes
531 331 786 390 scribuntur
807 331 949 390 fidera
973 354 1134 390 terna:
1158 326 1162 328 ’

50 430 257 488 Hiberna
277 426 438 484 aestivis
454 470 468 492 ‚
489 425 718 483 autumnis
739 448 878 483 verna
903 443 1176 507 repugnant.

144 521 245 576 Nec
268 517 368 576 satis
390 517 451 574 est
475 517 686 597 proprias
709 515 944 596 signorum
971 517 1161 574 noscere
1186 515 1386 575 formas:

59 609 301 669 Consensu
327 631 519 687 quoque
541 609 627 666 fata
650 627 880 676 movent,
902 606 1154 665 &foedere
1179 609 1416 688 gaudent,

55 707 211 779 Atque
235 700 334 757 aliis
358 700 459 756 aliae
484 699 730 757 succedunt
757 697 881 755 sorte
904 698 1132 776 locoque.

57 789 272 847 Circulus
294 808 344 846 ut
368 790 532 846 dextro
557 787 795 868 signorum
820 786 1044 844 clauditur
1067 787 1184 846 orbe
1200 833 1217 856 ‚

56 888 109 942 In
134 903 224 940 tres
245 883 444 961 aequales
468 881 680 940 discurrit
701 881 824 940 linea
849 881 1010 938 dusius
1027 924 1042 947 ‚

59 980 203 1054 Inque
228 975 374 1032 vicem
400 974 614 1032 extremis
642 973 793 1054 iungit
823 973 869 1030 se
891 973 1058 1030 finibus
1082 973 1206 1053 ipsa:

58 1069 116 1123 Et
137 1088 427 1144 quaecunque
449 1064 556 1123 serit
572 1110 587 1131 ‚
613 1065 827 1122 dicuntur
847 1064 971 1144 signa
995 1064 1179 1143 trigona
1195 1110 1213 1133 ‚

58 1163 107 1218 In
128 1160 210 1217 tria
235 1159 423 1238 partitus
449 1159 577 1237 quod
601 1179 670 1216 ter
699 1157 821 1215 cadit
844 1158 1040 1237 angulus
1066 1157 1176 1214 astra
1198 1182 1214 1225 ;

59 1251 185 1323 Quae
211 1247 353 1305 divisa
378 1267 563 1305 manent
587 1248 727 1305 ternis
751 1246 955 1304 distantia
982 1244 1135 1324 signis.

65 1338 265 1417 Laniger
291 1361 317 1395 e
343 1337 524 1415 paribus
552 1336 703 1417 spatiis
725 1338 819 1394 duo
846 1335 972 1417 figna
990 1380 1005 1403 ,
1027 1335 1197 1394 Leonis

70 1438 228 1508 Atque
253 1427 496 1506 Sagittari,
521 1427 706 1486 diverso
732 1428 964 1508 conspicit
989 1449 1110 1484 ortu.

64 1519 272 1601 Virginis
296 1518 344 1576 ὅ(
369 1520 508 1575 Tauri
535 1518 829 1597 Capricorno
855 1520 1080 1576 consonat
1101 1518 1281 1578 astrumi

65 1614 236 1668 Cetera
262 1609 366 1666 sunt
386 1608 516 1666 fimili
539 1608 718 1666 ratione
742 1609 968 1688 triangula
992 1609 1118 1688 signa
1137 1653 1152 1676 ‚

63 1706 153 1760 Per
176 1700 374 1759 totidem
398 1703 485 1758 toti
513 1700 675 1757 desunt
697 1724 800 1780 quae
823 1701 1013 1758 condita
1035 1702 1230 1760 mundo,

64 1793 158 1851 Sed
184 1792 431 1850 discrimen
458 1793 544 1850 erit
566 1791 737 1851 dextris
754 1838 768 1859 ‚
793 1794 868 1851 seu
893 1794 1049 1851 causa:
1079 1793 1248 1852 sinistra

65 1889 190 1961 Quae
212 1885 429 1943 subeunt:
458 1908 562 1964 quae
587 1886 856 1964 praecedunt
874 1930 889 1953 .,
912 1886 1072 1943 dextra
1096 1886 1187 1943 esse
1211 1885 1434 1952 feruntur.

66 1984 247 2038 Dexter
272 1978 359 2036 etit
383 1982 537 2037 Tauro
566 1979 882 2058 Capricornus
899 2023 915 2045 ‚
937 1978 1088 2059 Virgo
1115 1978 1300 2039 sinistra.

68 2073 177 2129 Hoc
200 2070 299 2128 satis
326 2071 550 2148 exemplo
574 2070 650 2127 est.
678 2080 737 2127 At
763 2093 865 2149 quae
888 2069 1028 2128 divisa
1055 2071 1289 2149 quaternis

71 2159 279 2218 Partibus
304 2159 472 2237 aequali
494 2160 687 2217 laterum
714 2160 828 2217 stant
852 2160 1037 2218 condita
1063 2161 1199 2218 du&u
1219 2205 1237 2229 ‚

71 2255 292 2328 Quorum
311 2250 518 2329 designat
545 2252 764 2309 normalis
785 2251 964 2333 virgula
985 2253 1113 2311 sedes
1132 2298 1148 2321 ‚

74 2353 249 2406 Dextra
275 2347 362 2404 sert
387 2348 563 2404 Libram
588 2353 768 2406 Cancer
785 2392 801 2415 ‚
827 2349 1143 2427 Capricornus
1170 2348 1219 2407 δι
1243 2347 1403 2417 illam‚'

78 2438 326 2517 Conspicit
347 2437 455 2494 hinc
482 2437 614 2494 Aries
633 2481 649 2500 ..
672 2458 808 2515 atque
830 2438 977 2517 ipsum
1000 2464 1022 2494 a
1048 2439 1244 2516 partibus
1266 2439 1411 2520 aequis

79 2536 266 2590 Cancer
285 2577 298 2598 ‚
324 2530 372 2587 ὅ(
397 2529 516 2586 hunc
545 2531 659 2586 laeva
687 2530 916 2587 subeuntis
942 2529 1083 2587 sidera
1104 2530 1281 2588 Librae:

79 2626 272 2701 Semper
293 2620 416 2678 enim
439 2621 611 2677 dextris
638 2619 881 2678 censentur
904 2619 1028 2700 signa
1058 2620 1227 2699 priora.

81 2714 155 2772 Sic
182 2714 292 2771 licet
314 2712 360 2770 in
385 2711 581 2770 totidem
606 2734 757 2790 partes
780 2712 1013 2769 deducere
1040 2712 1195 2769 emissa
1213 2755 1231 2780 ‚

82 2809 331 2884 Ternaque
358 2803 425 2861 bis
449 2803 568 2860 senis
592 2805 808 2882 quadrata
832 2805 1053 2885 effingere
1078 2804 1217 2884 signis
1234 2848 1252 2872 ‚

84 2899 304 2972 Quorum
333 2893 579 2974 proposito
608 2896 858 2954 reddentur
882 2895 928 2953 in
957 2895 1123 2954 ordine
1147 2896 1286 2954 vires,

167 2991 257 3047 Sed
279 2988 306 3045 s1
335 2989 434 3068 quis
462 3010 705 3048 contentus
731 2992 818 3049 erit
845 2993 1095 3049 numerasse
1118 2994 1331 3072 quadrata
1352 3035 1369 3060 ,

86 3083 294 3142 Divisnm
316 3102 365 3139 ut
390 3082 526 3161 signis
551 3087 767 3144 mundum
789 3106 918 3167 putet
942 3086 1032 3144 esse
1056 3086 1288 3167 quaternis
1307 3129 1324 3152 ,

201 3168 282 3223 M.
311 3169 596 3225 Manilius.
1271 3171 1316 3225 G

1591 222 1670 283 97

1562 1005 1668 1060 275

1565 1444 1679 1497 280

1561 1902 1684 1976 285}

1573 2374 1687 2426 29⁰

1572 2830 1690 2888 ²95
