2165 3792
452 198 593 256 DE
653 198 720 254 P.
776 192 1287 253 VIRGILIO.
1554 211 1665 273 351

266 330 492 380 mentariis
505 357 554 368 ·-
570 326 800 396 Inprfftm
813 324 1032 373 Venetiis
1043 344 1122 391 per
1141 324 1384 393 Thomam
1408 325 1460 374 de
1474 322 1673 375 Alexan-

272 397 374 447 dria
407 397 532 458 1484
557 397 626 445 die
664 393 838 443 XXIV
866 393 1133 441 Decembris.

342 463 476 515 Nihil
495 480 599 512 eam
630 478 656 509 a
676 458 853 522 vulgari
886 468 1150 506 ceterarum
1182 460 1291 510 edd.
1312 459 1516 511 ledtione
1540 476 1670 511 rece-

277 532 387 582 dere
414 531 535 581 vidit
565 528 794 589 Heynius.
823 524 1047 586 SubJ'ecta
1077 524 1223 574 habet
1242 529 1449 578 carmina
1470 529 1669 579 minora.

71 599 407 661 ---1486
445 601 606 647 Ve‘neta
633 594 737 654 XI,
765 608 896 642 nunc
925 592 1024 643 XII
1060 593 1119 642 ad
1149 593 1349 643 verbum
1376 598 1420 645 ἅ
1447 590 1673 661 paginam

278 663 487 730 expressa
524 662 589 710 est
620 677 678 710 ex
711 661 787 709 ed.
822 660 1070 709 Vicentina
1105 678 1246 729 1479.

67 733 422 796 r-——1486·
450 731 492 791 J.
527 729 758 795 Pomponii
792 728 950 776 Sabini
989 729 1359 778 commentarios
1396 730 1446 779 in
1477 731 1636 780 omnia
1656 769 1672 791 ,

276 816 379 864 quae
422 796 620 861 quidem
655 796 860 856 exstant,
888 794 1071 859 Virgilii
1106 812 1248 858 opera
1282 813 1366 861 per
1399 800 1528 849 Dan.
1561 800 1674 847 Gai-

277 883 426 918 tanum
473 865 625 915 editos
664 866 873 912 Cremonae
902 869 1041 928 (non
1066 862 1252 913 Bafileae
1270 904 1285 925 ‚
1312 874 1366 913 ut
1394 866 1499 928 post
1526 865 1674 915 Mait⁴³

275 934 450 985 tarium
488 932 638 995 Apost.
669 932 825 981 Zenus
850 930 898 978 in
928 929 1039 979 Diff.
1062 930 1278 980 Vossian.
1304 949 1352 995 p.
1385 950 1480 999 247
1500 933 1673 994 dedit)

275 1000 531 1051 confirmat
558 998 806 1062 Heyniu33
843 997 1067 1060 idemque
1115 998 1327 1060 dubitat,
1366 1016 1428 1049 an
1464 1002 1676 1049 Sabinum
1707 1061 1710 1064 ἢ

276 1070 450 1129 istum,
476 1084 618 1131 quem
648 1063 888 1115 nonnullis
919 1065 1186 1114 mediarum
1214 1075 1410 1116 aetatum
1430 1067 1678 1118 Gramma„

274 1137 430 1186 ticum
459 1151 706 1198 perperam
734 1132 951 1181 habitum
979 1131 1070 1181 effe
1107 1133 1273 1182 docuit
1307 1135 1604 1184 Burmannus
1630 1136 1678 1185 Π
1776 1184 1778 1186 ,

278 1203 492 1321 ῗέἒὲϊῗίῗ·
525 1203 587 1251 ³⁶¹
610 1199 1404 1332 Υἱῐὲὓᾨξᾏὲῗζέἓᾝὴῖἶὲῗῖἓῐέἶῗ
1427 1202 1679 1319 ἕῗέῗοωῖῧ

284 1338 352 1388 dii
381 1337 467 1387 aevi
499 1287 820 1399 nclibis9supra
844 1335 1035 1385 laudata
1069 1339 1113 1386 &
1140 1335 1389 1396 Joecherus
1416 1337 1467 1386 in
1498 1337 1676 1386 Lexico

282 1405 452 1455 erudd.
469 1420 581 1453 cum
596 1404 861 1466 Pomponio
880 1406 999 1452 Laeto
1017 1402 1050 1453 s.
1073 1405 1314 1452 Fortunato
1341 1404 1376 1454 s.
1400 1404 1680 1470 Infbrtunato

283 1473 495 1522 eundem
526 1471 617 1520 effe
650 1474 777 1520 redte
804 1470 1059 1520 statuerint.
1100 1470 1254 1520 Laetus
1289 1471 1485 1535 quidem
1513 1472 1564 1521 in
1591 1472 1678 1536 Ep.

281 1541 346 1591 ad
377 1542 496 1603 Aug.
526 1538 761 1590 Maffeum
790 1540 876 1605 (in
915 1540 1016 1600 ejus
1043 1538 1170 1601 Opp.
1200 1538 1286 1588 sub
1317 1540 1441 1602 fin.)
1473 1555 1682 1602 conque-

282 1609 400 1656 titur
442 1608 501 1656 de
548 1606 762 1671 Gloffiilis
791 1607 835 1653 in
872 1607 993 1671 Virg.
1031 1605 1116 1655 fibi
1150 1604 1427 1669 suppositis3
1462 1606 1544 1656 sed
1575 1610 1682 1669 jure

284 1675 504 1739 Heynius
537 1672 620 1722 has
647 1671 878 1723 Gloffulas
913 1672 1114 1722 diversas
1144 1673 1236 1722 effe
1263 1673 1523 1737 suspicatur
1549 1691 1576 1724 a
1602 1677 1683 1726 Sa-

284 1743 388 1794 bini
413 1740 810 1801 Commentariis;
836 1757 1040 1803 quorum
1057 1743 1102 1791 Sc
1126 1739 1362 1791 scribendi
1387 1759 1535 1806 genus
1567 1760 1684 1791 neu-

283 1811 470 1872 tiquam
500 1809 724 1858 convenit
743 1823 854 1856 cum
872 1807 953 1856 illo
980 1808 1234 1870 Pomponii
1260 1809 1402 1870 Laeti,
1435 1813 1479 1859 &
1505 1811 1684 1874 insigne

286 1877 404 1940 quid
450 1875 596 1924 habet
633 1891 660 1923 a
695 1874 840 1922 literis
876 1874 1082 1933 Graecis,
1112 1891 1224 1938 quas
1262 1876 1417 1925 Laetus
1456 1893 1555 1925 non
1592 1878 1689 1927 cal-

285 1944 455 1993 luerat.
494 1942 745 1993 Accedunt
776 1941 897 2001 alia,
928 1957 1031 2004 quae
1062 1942 1113 1989 in
1144 1942 1329 1992 Laetum
1362 1960 1462 1992 non
1490 1944 1688 2007 cadunt,

285 2021 344 2060 ut
378 2012 466 2058 iter
496 2010 548 2058 in
577 2007 822 2072 Scythiam
867 2009 1007 2057 suum
1049 2008 1298 2071 aliquoties
1339 2021 1573 2061 memorat
1610 2015 1689 2064 Sa-

286 2077 429 2127 binus
447 2115 461 2137 ,
487 2075 627 2138 seque
651 2076 701 2124 in
715 2075 937 2125 Tacitum
953 2113 967 2136 ,
988 2075 1175 2125 Livium
1192 2114 1206 2137 ,
1235 2076 1403 2127 Silium
1433 2078 1654 2130 Italicum
1672 2120 1689 2142 ,

289 2143 500 2206 aliosque
539 2141 795 2206 scripfiffe:
825 2141 1038 2192 -Sallustii
1072 2158 1100 2191 a
1148 2143 1277 2193 Laeto
1327 2146 1540 2195 recensiti
1587 2165 1688 2198 non

287 2211 524 2261 meminit.
570 2209 717 2273 Quod
744 2209 776 2257 fi
807 2210 909 2259 haec
928 2210 1221 2273 perpenda8‚
1240 2221 1380 2274 atque
1409 2212 1509 2276 ipse
1533 2213 1689 2264 Laetus

291 2280 437 2328 etiam
480 2276 701 2341 gloss'ulas
736 2277 788 2325 in
821 2277 958 2341 Virg.
993 2293 1092 2325 non
1127 2277 1219 2327 effe
1254 2278 1358 2328 suas
1389 2281 1621 2345 edixerit,
1648 2283 1688 2332 is

296 2356 424 2395 certe
456 2344 665 2394 diversus
697 2360 723 2393 a
753 2346 920 2394 Sabino
955 2343 1205 2394 habendus
1233 2346 1302 2396 fit.

87 2432 370 2464 s-——am
408 2413 548 2474 1487.
590 2413 842 2461 Florentina
889 2412 965 2472 Π,
1008 2412 1130 2461 inter
1171 2413 1468 2465 Incunabula
1501 2424 1694 2481 typogr.

292 2481 415 2534 Bibl.
444 2478 716 2531 Uffenbach
752 2495 800 2543 p.
828 2479 969 2530 XCII
1003 2480 1146 2530 Tom.
1177 2480 1253 2542 Π,
1279 2483 1398 2546 App.
1427 2500 1474 2546 p.
1503 2484 1562 2550 38
1592 2501 1697 2534 me·

296 2558 507 2600 moratur
533 2565 544 2597 ε
589 2548 806 2613 Virgilius
840 2564 932 2595 cum
972 2550 1258 2614 Clzristophori
1287 2550 1527 2600 Florentini
1555 2571 1694 2602 anno-

294 2617 555 2668 tationibus.
593 2615 835 2663 Florentiae.
870 2614 928 2663 In
953 2613 1248 2665 Colleffione
1281 2617 1425 2666 etiam
1459 2617 1695 2678 librorum

296 2685 358 2734 ab
388 2681 454 2734 ill.
486 2681 731 2746 quondam
762 2680 917 2744 Chph.
952 2682 1050 2742 JaC.
1081 2684 1262 2750 Nemeiz
1288 2686 1697 2739 venumdatorum.

299 2754 547 2815 Argentor.
584 2766 701 2815 1745
740 2747 949 2812 legitur:
986 2766 1033 2798 n.
1077 2766 1131 2817 53
1174 2751 1391 2817 Virgilius
1429 2771 1523 2802 cum
1554 2756 1693 2804 Inter.

294 2834 405 2886 pret.
449 2818 590 2866 Servii
630 2818 788 2866 Mauri
817 2816 861 2863 ὅ)
903 2817 1186 2884 Clzristophori
1227 2818 1431 2868 Landini
1466 2821 1696 2870 Florentiae

305 2885 430 2949 1487
461 2884 546 2934 fol.
591 2884 746 2934 Prima
782 2884 925 2947 igitur
962 2883 1109 2934 habet
1152 2897 1482 2938 commentum
1515 2889 1700 2956 Christo-

293 2953 427 3020 phori
463 2953 660 3001 Landini
690 2952 741 2999 in
763 2951 892 3016 Virg.

102 3020 165 3088 gd
183 3037 231 3086 p.
253 3022 363 3087 285.
387 3035 464 3068 an.
498 3019 635 3085 1489.
674 3023 834 3068 Veneta
867 3018 1023 3080 XIII,
1048 3017 1123 3068 vel
1152 3020 1313 3082 potius
1342 3022 1492 3086 XIV,
1515 3024 1697 3089 prima,

304 3096 535 3152 quantum
554 3087 786 3142 affecutus
807 3086 872 3138 est
890 3086 1108 3156 Heynius
1121 3124 1135 3151 ‚
1154 3088 1353 3152 protulit
1365 3090 1543 3144 Donati
1559 3093 1700 3144 Com‘·
