2165 3792
443 221 590 315 DE
663 257 1355 315 M2½ANJLJQ
1606 261 1716 340 ss5

325 389 520 440 tentosae
541 387 924 452 transpositiones
941 386 991 435 in
1016 405 1074 437 eo
1088 392 1283 441 austore
1300 390 1561 456 antiquitus
1587 408 1726 443 com-

328 457 472 507 miffae
497 458 772 507 indicantur
794 471 806 504 ε
827 469 958 503 nunc
978 457 1187 519 primum
1207 476 1266 509 ex
1290 461 1461 511 codice
1486 462 1726 528 scaligeri,

326 541 472 588 quem
496 524 579 574 sua
597 538 741 572 manu
766 523 827 571 ad
857 524 1052 572 tertiam
1068 524 1333 580 editionem
1351 539 1695 593 praeparaverat
1709 566 1727 589 ,

327 592 640 657 plurimisque
664 589 1010 640 accessionibus
1047 589 1239 642 suarum
1264 611 1485 646 curarum
1512 595 1733 661 locuple*

328 670 545 720 taverat,
577 658 683 722 post
727 657 895 724 longas
935 675 1093 709 moras
1134 659 1435 727 latebrasque
1470 665 1521 713 in
1564 664 1733 719 lucem

327 727 576 792 publicam
607 742 720 774 cum
744 727 954 777 auctario
983 737 1086 777 tam
1116 730 1270 780 nobili
1299 731 1536 781 restitutae.
1562 734 1743 784 Accesae

328 796 488 845 serunt
511 794 733 857 quaedam
758 794 1123 845 clarissimorum
1139 800 1382 858 virorum,
1397 800 1444 850 T
1448 799 1605 850 homae
1625 802 1736 851 Rei..

328 863 460 928 nesti,
494 865 540 914 ἂ
571 858 785 912 ismaelis
819 864 1046 913 Bullialdi
1077 868 1522 919 animadversiones,
1556 871 1736 936 Argen-

329 931 490 990 tamti,
510 928 688 993 sumpt.
711 931 786 991 Jo.
805 931 975 993 Joach.
994 932 1382 988 Bockenhofferi.
1412 940 1557 1004 1655.
1589 955 1635 999 4.
1656 935 1732 988 Cl.

329 997 573 1048 Harlefius
599 998 649 1048 P.
684 997 732 1049 II
764 998 834 1049 lit.
868 998 1007 1050 Rom.
1040 1000 1222 1052 fallitur
1251 1005 1302 1053 in
1336 1023 1412 1056 an.
1454 1007 1594 1070 1644.

134 1065 262 1134 1679
332 1066 498 1132 Fayo-
526 1067 792 1117 Huetiana:
825 1067 896 1118 M.
938 1069 1129 1119 Manilii
1159 1072 1556 1137 Astronomicon‚
1590 1076 1738 1125 inter-

335 1135 606 1197 pretatione
632 1137 678 1183 &
697 1136 823 1185 notis
843 1151 899 1184 ac
917 1136 1080 1201 figuris
1099 1137 1350 1192 illustravit
1366 1141 1522 1194 Mich.
1541 1147 1738 1194 FAYUS

330 1203 382 1251 in
426 1201 566 1250 usum
604 1203 701 1252 Ser.
737 1202 983 1266 Delphini.
1022 1207 1328 1259 Accefferunt
1367 1211 1491 1262 Petri
1525 1212 1746 1262 Danieli&

329 1270 561 1318 van
589 1270 1020 1322 animadversiones
1049 1275 1112 1324 ad
1142 1276 1404 1327 Manilium
1433 1282 1478 1330 &
1511 1279 1743 1344 Scaligeri

330 1337 505 1387 Notas.
534 1337 711 1386 Parifiis
741 1339 871 1401 apud
889 1339 1030 1391 Fred.
1052 1346 1269 1396 Leonard.
1288 1364 1335 1407 4.
1364 1347 1440 1398 Est
1457 1346 1561 1397 haec
1585 1349 1737 1398 editio

332 1403 457 1452 inter
483 1402 586 1453 illas
615 1406 666 1453 in
694 1404 834 1454 usum
867 1406 1100 1472 Delphini
1132 1428 1160 1467 e
1197 1413 1509 1476 melioribus3
1549 1416 1746 1479 passim-

334 1487 429 1534 que
455 1470 573 1537 Fayi
597 1471 738 1522 lectio
767 1474 869 1523 abit
887 1492 913 1524 a
931 1475 1277 1542 Sca-ligeriana:
1298 1483 1448 1547 magis
1469 1499 1585 1534 vero
1606 1485 1744 1535 Hue-

332 1539 428 1588 tius
445 1549 584 1589 notas
607 1541 777 1591 direxit
801 1542 1029 1594 adversus
1059 1547 1369 1612 Scaligerum.
1391 1551 1629 1616 Huetium
1646 1570 1748 1608 no<

334 1623 417 1656 vas
446 1608 592 1657 etiam
620 1620 760 1658 notas
792 1612 837 1660 δε
865 1627 965 1664 var.
999 1611 1129 1664 lectt.
1162 1618 1387 1682 exemplo
1414 1618 1514 1668 suo·
1531 1620 1745 1684 adscrip-

328 1674 431 1724 fifl'e
458 1676 688 1726 testantur
718 1677 907 1738 jesuitae
947 1680 1220 1733 Parisienses
1250 1684 1301 1734 in
1335 1686 1589 1738 Memoriis
1626 1689 1745 1741 Tre-

333 1741 530 1793 voltinis
567 1762 690 1812 1709
723 1745 885 1795 mense
911 1749 1122 1813 Augusto
1154 1766 1202 1814 p.
1239 1753 1380 1814 1426.

125 1827 269 1878 *1713
341 1812 670 1860 Maittairiana
697 1813 748 1862 in
769 1814 899 1878 Opp.
933 1819 978 1866 &
1002 1817 1175 1880 fragm.
1207 1829 1301 1870 vet.
1332 1821 1464 1872 Poet.
1492 1823 1595 1873 Lat.
1623 1824 1752 1874 Lon-

338 1877 441 1926 dini
475 1878 561 1928 fol.
603 1880 764 1929 Tomo
801 1881 824 1930 I
856 1898 906 1943 p.
937 1884 1037 1950 758
1071 1884 1170 1948 sqq.
1203 1896 1308 1936 tota
1345 1889 1412 1936 est
1448 1889 1658 1953 expressa
1694 1905 1755 1941 ex

335 1943 459 1996 Scali
465 1962 577 2009 gero
589 1978 609 1987 -
620 1946 932 1997 Boecleriana.
1567 1986 1570 1989 -

137 2027 262 2079 1731
334 2012 387 2062 in
411 2002 559 2075 Corp.
578 2022 710 2076 poet.
731 2012 868 2065 latin.
892 2015 1166 2069 Mediolani
1192 2027 1313 2069 tom.
1337 2020 1457 2073 XVI
1489 2023 1536 2074 <Sc
1553 2024 1713 2076 XVII.

701 2142 1149 2195 AETASIII
1486 2123 1488 2127 ’

139 2277 397 2346 defhrmatae
430 2278 491 2328 ab
536 2277 831 2343 aggressione
876 2278 1107 2330 Richardi
1140 2281 1176 2332 B
1193 2295 1277 2332 ΕΝ
1295 2297 1331 2333 Τ
1349 2296 1379 2333 L
1398 2298 1429 2336 E
1449 2298 1473 2340 J
1492 2298 1512 2336 Ι
1534 2324 1549 2346 ,
1586 2286 1754 2350 Angli,

345 2346 510 2397 Critici
557 2347 755 2410 quidem
801 2346 1141 2411 instructions,
1186 2349 1270 2399 sed
1319 2353 1364 2401 ὃς
1412 2362 1514 2401 tam
1568 2354 1758 2418 gloriosi

349 2431 495 2479 quam
530 2415 761 2475 audaci53
804 2416 864 2464 de
910 2418 1047 2479 cujus
1089 2433 1235 2480 opera
1278 2417 1408 2468 Frid.
1456 2421 1576 2471 Otto
1626 2426 1762 2472 Men-

349 2484 532 2533 ckenius
580 2483 631 2531 in
674 2482 880 2534 Miscell.
922 2501 1032 2534 nov.
1077 2485 1202 2548 Lips.
1235 2486 1343 2536 Vol.
1384 2486 1435 2547 Ι,
1470 2505 1519 2552 p.
1569 2492 1660 2555 358
1698 2494 1763 2542 ad

350 2550 487 2614 epist.
539 2549 665 2602 Guil.
697 2551 840 2601 Cavei
876 2551 1155 2602 subnotavit
1183 2554 1422 2615 judicium
1442 2594 1456 2617 ‚
1487 2559 1566 2606 cui
1600 2561 1644 2608 Sc
1677 2575 1768 2609 nos

353 2616 729 2670 subscribimus:
773 2620 988 2680 „Vides‚
1029 2621 1229 2682 Lector,
1274 2638 1424 2671 annos
1457 2624 1557 2674 fere
1598 2627 1690 2677 XL
1737 2646 1767 2678 a

359 2685 620 2749 „Bentlejo
655 2687 705 2734 in
739 2688 931 2737 edendo
962 2688 1168 2739 Manilio
1201 2689 1526 2754 desudatum3
1558 2704 1612 2742 ut
1648 2694 1769 2744 hinc

357 2753 534 2818 „spem
570 2756 879 2818 conceperint
914 2758 1122 2815 eruditi,
1153 2773 1275 2820 opus
1314 2760 1514 2808 tandem
1546 2763 1768 2826 proditu-

360 2837 514 2882 „rum
545 2821 638 2872 effe
671 2821 792 2884 tale,
818 2823 957 2887 quale
991 2823 1152 2873 adhuc
1185 2825 1312 2875 orbis
1343 2827 1536 2878 criticus
1566 2845 1666 2879 non
1700 2834 1771 2880 vi·

360 2888 540 2950 „derit.
560 2890 670 2950 Jam
699 2905 810 2939 cum
841 2891 1062 2940 manibus
1091 2893 1255 2944 nostris
1282 2894 1581 2958 exspectatus
1611 2899 1694 2947 diu
1716 2898 1774 2947 li-

361 2954 490 3017 „ber
518 2965 734 3018 tenetur,
761 2958 892 3009 haud
917 2961 1059 3023 pauci
1084 2959 1220 3022 sunt,
1253 2964 1332 3026 qui
1353 2963 1434 3013 vix
1460 2966 1771 3017 centesimam

360 3022 501 3086 „spei
537 3023 630 3074 suae
663 3026 915 3090 impletam
954 3027 1045 3076 effe
1078 3039 1293 3092 partem,
1335 3044 1709 3096 conqueruntur.
1732 3069 1768 3095 „

356 3090 495 3140 Fecit
517 3092 712 3154 quidem
746 3094 1083 3157 pervulgatum
1105 3097 1188 3146 viri
1215 3115 1393 3147 nomen
1410 3137 1425 3162 ‚
1455 3110 1510 3150 ut
1541 3105 1645 3163 ejus
1671 3101 1773 3150 lec-

355 3159 540 3207 tionem
574 3176 601 3208 a
635 3176 747 3212 veru
787 3162 978 3214 Manilii
1026 3162 1171 3230 longe
1214 3167 1452 3218 detortam
1487 3168 1770 3234 Bibliopolx

282 3229 350 3285 P.
389 3233 667 3308 Virgilius.
1327 3238 1369 3294 B
1403 3238 1440 3295 b
