2165 3792
479 209 592 271 288
718 206 1174 264 NOTITIA
1226 205 1840 265 LITERARIA

676 339 814 391 ceffit
850 349 978 389 certe
1007 338 1083 400 Jo.
1123 337 1309 390 PIERH
1345 336 1581 389 Valeriani
1617 338 1949 405 (Criticorum
1983 335 2077 388 hac

676 419 820 459 aetate
861 406 1119 472 principiS,
1162 409 1323 470 qui&
1365 404 1669 469 sequentibus
1705 407 1864 456 facem
1905 418 2075 470 praetu-

675 473 774 538 lit)
819 474 1201 539 castigationibus
1220 513 1232 532 ,
1279 489 1389 522 cum
1437 474 1667 523 varietate
1709 473 1972 524 leffionum
2016 488 2074 522 ex

681 543 841 593 Codd.
877 545 1018 594 Rom.
1059 541 1362 608 Longobard.
1395 542 1654 600 MediCeO,
1690 539 2071 606 oblongohibl.

676 611 788 661 Vat.
809 610 902 660 alio
923 610 1152 661 Vaticano
1168 648 1180 671 ‚
1211 610 1369 660 Portio
1384 647 1397 670 ‚
1426 611 1591 659 ceteris
1610 609 1934 672 perveteribus
1960 610 2075 658 duc-

674 686 727 728 ta
741 694 817 728 an.
849 695 968 746 1521
998 678 1164 737 editis,
1184 677 1303 726 &ab
1325 676 1450 726 Rob.
1467 679 1690 745 Stephano
1718 693 1792 726 an.
1824 694 1945 745 1532
1971 676 2074 743 (qui

677 745 846 809 &ipse
860 761 919 794 ex
941 745 1103 794 Servio
1132 744 1419 793 restituendo
1437 744 1673 793 summam
1690 743 1845 794 laudis
1870 760 2076 807 aucupa-

676 823 758 862 tus
774 813 861 872 est)
883 811 993 861 &in
1007 811 1235 859 suminam
1250 811 1295 860 Π
1311 828 1385 860 an.
1413 828 1534 878 1533
1555 813 1771 875 receptis.
1787 813 2073 860 Varietatem

673 880 807 930 leett.
840 878 1103 928 Pierianam
1127 893 1317 940 quoque
1337 876 1469 927 Alex.
1500 880 1720 927 Vellutelli
1742 879 1937 942 Virgilio
1961 895 2075 928 cum

675 946 842 997 Servio
889 948 933 995 ὃς
963 945 1119 995 Probo
1156 957 1181 993 a
1217 944 1265 994 se
1302 955 1522 994 accurate
1551 947 1779 995 recensito
1811 947 2071 1009 subjunxit.

674 1015 787 1065 Nic.
823 1014 1065 1078 Erythraei
1100 1028 1213 1061 cura
1249 1012 1300 1060 in
1339 1011 1625 1062 restituenda
1658 1014 1842 1078 Virgilii
1868 1015 2074 1063 leffione
2142 1034 2149 1042 *¹

678 1080 927 1131 contemni
958 1096 1073 1129 mox
1118 1082 1223 1142 jure
1254 1081 1405 1142 coepit
1444 1096 1539 1142 prae
1565 1079 1655 1128 illis
1685 1082 1796 1131 Aldi
1837 1085 1881 1132 Sc
1924 1082 2076 1146 Egna-

673 1149 760 1208 tii,
794 1149 998 1212 repetita
1030 1157 1191 1196 tamen
1232 1147 1297 1196 est
1337 1162 1449 1195 cum
1473 1147 1689 1209 ejusdem
1723 1149 1914 1198 scholiis
1949 1150 2075 1199 intra

671 1217 904 1266 minutias
936 1216 1036 1264 fere
1076 1214 1429 1264 subsistentibus
1473 1215 1533 1264 ab
1578 1232 1652 1264 an.
1697 1232 1820 1283 1539
1853 1217 2076 1280 frequen-

678 1286 790 1334 tius.
828 1285 997 1346 Neque
1016 1283 1162 1332 etiam
1187 1282 1390 1333 tacenda
1420 1281 1530 1331 sunt
1549 1283 1744 1331 nomina
1772 1283 1883 1333 Seb.
1903 1285 2077 1345 Brant,

678 1353 761 1415 qui
789 1351 867 1400 ed.
902 1353 1200 1413 Argentorat.
1225 1350 1248 1400 Ι
1278 1351 1492 1411 curavit,
1525 1348 1656 1400 Hub.
1694 1350 1962 1416 Suffannaei,
1996 1352 2073 1414 qui

677 1418 900 1469 Parifinas
922 1424 943 1484 ζ
958 1435 1033 1471 an.
1073 1436 1191 1486 1541
1228 1419 1362 1479 cet.)
1400 1420 1447 1467 ἀ
1476 1418 1683 1467 maxime
1712 1419 1818 1468 Ant.
1845 1421 2072 1479 Goveani,

677 1487 758 1550 qui
796 1486 1122 1551 Gryphianam
1158 1486 1362 1552 (1542)
1403 1485 1700 1550 castigavere.
1757 1485 2076 1549 Interpretum

675 1554 934 1616 superioris
972 1555 1122 1603 aetatis
1151 1569 1406 1601 numerum
1450 1569 1622 1602 auxere
1658 1555 1923 1618 Ascenfius,
1954 1555 2074 1620 Ery-

674 1623 856 1683 zlzraeus,
874 1620 959 1671 Ph.
987 1622 1332 1680 fidelanclztlzon,
1365 1620 1481 1672 Eob.
1519 1620 1684 1685 Heffiis
1704 1658 1718 1681 ‚
1737 1618 1812 1680 Jo.
1838 1622 2070 1680 RzaelHus,

674 1689 788 1739 Adr.
817 1690 1099 1749 Barlandus,
1135 1687 1247 1749 Jod.
1279 1688 1540 1737 Willichius
1559 1727 1576 1747 ‚
1611 1688 1770 1736 ceteri.

484 1773 611 1828 1500
645 1758 691 1807 δε
730 1773 850 1823 1501
890 1757 1156 1824 Ascenfiana
1193 1754 1217 1805 Ι
1247 1771 1258 1803 :
1302 1755 1349 1804 P.
1378 1756 1435 1805 V.
1473 1754 1545 1805 M.
1578 1753 1804 1805 Bucolica
1841 1757 1887 1805 ἃ
1928 1755 2075 1805 Geor*

677 1824 782 1887 gica
817 1839 931 1872 cum
964 1822 1331 1872 Commentariis
1363 1824 1505 1870 Servii
1535 1821 1578 1868 δ’
1606 1823 1708 1873 Jod.
1737 1824 1876 1870 Badii
1909 1823 2075 1892 Ascen-

665 1893 742 1955 fii.
773 1891 969 1939 Lutetiae.
999 1890 1174 1938 solman
1200 1889 1336 1936 Petit.
1371 1887 1454 1936 fol.

474 1958 848 2006 a-——AEneis
872 1973 965 2006 cum
1000 1957 1145 2006 Servii
1187 1956 1412 2005 Comment.
1449 1956 1574 2004 Phil.
1612 1956 1823 2004 Beroaldi
1857 1969 2070 2006 annotatt.

678 2026 955 2073 ——Donati
967 2024 1141 2071 enodat.
1159 2022 1262 2072 Jod.
1280 2023 1417 2070 Badii
1432 2023 1483 2069 A
1475 2024 1628 2088 scensii
1647 2023 1929 2070 elucidatione
1946 2038 2073 2087 atque

674 2093 843 2142 ordinis
879 2105 1083 2139 contextu
1110 2117 1204 2128 --
1235 2108 1264 2134 a
1304 2089 1584 2137 leielmanno
1629 2091 1788 2136 Kerver
1828 2090 2069 2155 compressa.

682 2160 994 2209 Venundantur
1031 2158 1216 2221 Parisiis
1248 2176 1275 2203 a
1313 2155 1484 2205 Joanne
1518 2157 1682 2206 Parvo.
1714 2154 1798 2205 fol.
1835 2156 1896 2204 Cf.
1928 2156 2074 2205 Mait-

677 2227 796 2275 taire
832 2242 881 2288 p.
926 2240 1040 2289 713.
1092 2224 1177 2272 ubi
1216 2222 1458 2285 inscriptio
1502 2222 1712 2272 AEneidis
1754 2222 2072 2276 verbofiffime

576 2334 581 2338 .
677 2292 912 2356 descripta
954 2292 1033 2341 est.
1098 2292 1236 2339 Culex
1269 2308 1362 2338 cum
1389 2291 1565 2355 reliquis
1600 2292 1858 2357 poematiis,
1896 2291 2071 2341 eodem

676 2359 813 2425 prelo
839 2359 953 2409 exiit
988 2373 1061 2407 an.
1092 2358 1321 2421 sequenti.

685 2429 906 2491 Universa
929 2426 1104 2493 Virgilii
1128 2428 1327 2475 Carmina
1344 2443 1381 2472 c.
1414 2425 1573 2473 Comm.
1597 2424 1740 2471 Servii
1768 2442 1842 2490 ap.
1862 2424 1935 2475 Jo.
1955 2427 2071 2474 Par.

677 2515 779 2544 vum
805 2486 940 2545 fisso,
969 2496 1021 2542 de
1057 2494 1328 2556 Confluentia
1362 2502 1600 2540 memorat
1633 2489 1872 2541 Orlandus
1905 2509 1952 2555 p.
1986 2495 2066 2559 96.

678 2564 775 2613 Sed
800 2560 904 2611 haee
935 2560 1117 2610 nonnisi
1150 2562 1210 2609 de
1241 2558 1494 2622 Opusculis
1524 2557 1831 2621 intelligenda
1859 2561 1955 2609 effe
1984 2561 2070 2610 do-

679 2641 756 2680 cet
789 2645 867 2692 ep.
892 2631 946 2678 iis
976 2628 1235 2692 praemiiia,
1268 2628 1327 2676 de
1358 2643 1450 2689 qua
1477 2627 1599 2675 infra
1629 2628 1691 2674 ad
1722 2643 1797 2674 an.
1832 2644 1969 2693 1517.

684 2699 1007 2765 (Erythraeana
1039 2696 1090 2747 I:
1122 2695 1170 2745 P.
1200 2695 1256 2743 V.
1291 2693 1363 2744 M.
1392 2695 1550 2757 Opera
1579 2693 1684 2743 Nic,
1721 2696 2067 2743 ERYTHRAH

679 2784 810 2831 opera
845 2765 1036 2826 restituta
1073 2764 1241 2810 addicis
1269 2762 1455 2828 ejuja'em
1487 2762 1786 2808 scholiis—
1807 2779 1882 2828 per
1911 2763 2064 2810 franc.

679 2824 993 2899 Rampaz'etum
1019 2830 1064 2878 8.
1098 2829 1219 2895 (sub
1251 2828 1345 2876 hoc
1369 2845 1492 2877 anno
1525 2838 1813 2876 memoratur
1840 2829 1889 2876 in
1918 2828 2066 2878 Catal.

678 2899 802 2951 Bibl.
833 2899 890 2949 R.
916 2894 1051 2948 Paris.
1082 2913 1129 2945 n.
1160 2895 1254 2945 818
1275 2895 1390 2944 teste
1420 2896 1625 2958 Heynio.
1655 2897 1717 2945 At
1741 2897 2065 2960 typographus

681 2966 756 3015 Fr„
786 2970 1026 3032 Rampazet
1050 2964 1212 3014 floruit
1237 2964 1444 3013 Venetiis
1475 2964 1600 3011 circa
1628 2979 1700 3011 an.
1754 2965 2061 3031 1560--1565.

682 3031 850 3096 Itaque
892 3048 1098 3080 errorem
1143 3032 1193 3079 in
1239 3047 1363 3080 anno
1413 3030 1666 3079 admissum
1713 3041 1971 3093 putamus,
2019 3033 2062 3080 ἃ

682 3098 907 3166 Erythraei
936 3100 958 3151 I
985 3100 1154 3150 metius
1185 3099 1248 3149 ad
1273 3114 1348 3150 an.
1383 3115 1506 3167 1539
1535 3097 1835 3160 referimuS.)
