2165 3792
551 213 598 269 z
639 214 674 269 ι
708 213 761 268 Β
802 210 857 269 E
899 213 952 267 R
1033 214 1158 270 ιιι,
1516 222 1632 287 141·

27 341 182 420 Inque
204 339 355 398 vicem
384 361 505 399 nunc
525 341 688 399 damna
710 339 849 408 facit,
873 362 992 398 nunc
1017 358 1228 420 tempora
1253 341 1450 421 supplet.
1515 350 1632 412 640

36 435 171 489 Tunc
194 432 312 510 riget
334 431 484 488 omnis
504 453 614 510 ager
631 475 646 498 ‚
671 431 872 488 clausum
894 453 1016 488 mare
1034 474 1049 498 ‚
1071 429 1260 488 condita
1279 432 1433 490 castra.

36 525 142 580 Nec
166 524 367 581 tolerant
386 523 557 580 medias
580 522 753 580 hiemes
778 521 1014 580 horrentia
1035 521 1152 579 saxa.

37 613 229 687 Statque
254 635 349 669 uno
371 631 526 670 natura
546 612 660 670 loco
680 655 696 678 ‚
720 611 998 690 paulumque
1020 607 1231 687 quiescit.

121 701 333 759 Proxima
357 702 403 759 in
422 703 617 771 effectu,
644 701 694 760 ἃ
715 699 881 758 fimiles
904 699 1154 759 referentia
1174 721 1326 759 motus
1344 715 1364 771 ξ
1410 765 1411 768 Ἴ

42 790 148 849 Effe
168 791 317 850 ferunt
341 794 466 851 luces
487 792 715 872 aequantia
736 791 858 872 figna
882 791 1058 850 diebus.
1530 799 1566 854 6
1574 812 1648 877 45

44 885 259 962 Namque
282 884 413 943 Aries
437 886 662 944 Phoebum
682 903 967 963 repetentem
990 883 1134 942 fidera
1156 884 1324 944 Cancri

48 978 174 1032 Inter
193 975 475 1055 principium
495 978 670 1035 reditus
693 976 930 1055 finemque
953 994 1172 1044 coercet,

47 1068 285 1146 Tempora
309 1067 458 1126 diviso
479 1068 674 1148 jungens
695 1067 954 1125 concordia
973 1067 1180 1125 mundo:

48 1158 399 1238 Convenitque
422 1164 546 1218 vices
564 1205 579 1228 ‚
599 1160 864 1239 victumque
885 1182 909 1217 a
929 1157 1076 1215 fidere
1095 1159 1272 1216 brumae

50 1248 338 1329 Exsuperare
362 1251 483 1309 diem
507 1254 668 1330 jubet,
692 1252 742 1311 ἃ
764 1251 1057 1309 succumbere
1081 1249 1274 1317 noEle53
1522 1256 1573 1325 *6
1586 1267 1656 1327 50·

52 1341 207 1398 AEstivi
228 1342 384 1401 donec
408 1343 594 1401 veniant
617 1344 673 1402 ad
698 1342 841 1400 fidera
865 1340 1055 1400 Cancri.

55 1433 188 1490 Tunc
209 1435 404 1514 primum
429 1456 551 1494 muta
567 1438 763 1517 ‘pelagus
789 1433 1098 1493 consternitur
1120 1432 1273 1500 unda-3

56 1523 117 1577 Et
137 1522 290 1580 varios
311 1525 448 1583 audet
472 1524 615 1582 fiores
638 1524 849 1581 emittere
872 1524 1026 1581 tellus.

58 1618 195 1674 Tunc
219 1618 448 1696 pecudum
474 1617 815 1696 volucrumque
838 1640 983 1696 genus
1008 1638 1093 1696 per
1114 1615 1280 1695 pabula
1299 1615 1403 1674 laeta

59 1709 112 1762 In
131 1710 364 1765 Venerem
387 1727 662 1787 partumque
683 1707 800 1775 ruit,
826 1727 1072 1786 totumque
1096 1729 1264 1765 canora
1547 1709 1614 1787 ὂς
1634 1728 1663 1785 ς·

59 1801 196 1857 Voce
222 1822 382 1858 nemus
407 1799 645 1880 loquitur,
669 1799 977 1878 frondemque
1002 1798 1185 1855 virescit
1208 1798 1254 1855 in
1281 1819 1498 1858 omnem:

58 1891 245 1950 Viribus
267 1893 315 1952 in
340 1913 514 1952 tantum
535 1892 671 1974 {ignis
698 1911 853 1950 natura
876 1911 1106 1951 movetur.

146 1983 266 2042 Huic
290 2009 345 2043 ex
367 1985 562 2044 adverso
588 1984 721 2042 fimili
746 2007 850 2041 cum
876 1985 999 2042 sorte
1020 1984 1222 2063 refulget

65 2076 198 2134 libra
215 2122 231 2145 .,
250 2078 372 2136 diem
396 2078 676 2158 nostemque
696 2076 792 2158 pari
815 2100 918 2135 cum
940 2077 1119 2135 foedere
1140 2077 1298 2148 ducit3

65 2173 264 2227 Tantum
291 2172 419 2250 quod
448 2171 587 2229 victas
609 2171 757 2250 usque
787 2171 841 2229 ad
866 2172 910 2229 se
932 2169 1121 2228 vincere
1144 2172 1304 2229 ηοᾶες
1551 2176 1670 2236 660

71 2265 137 2318 Ex
161 2261 255 2342 ipsa
277 2264 504 2337 jubetzac
522 2266 696 2322 brumae
723 2283 817 2321 tum
844 2285 1053 2343 tempora
1077 2263 1287 2324 vincunt.

70 2356 192 2409 Tum
217 2351 351 2409 Liber
373 2354 557 2430 gravida
581 2354 820 2411 descendit
843 2355 1008 2434 plenus
1030 2355 1085 2411 ab
1111 2354 1239 2411 ulmo
1257 2397 1272 2420 ‚

71 2443 354 2522 Pinguiaque
379 2443 594 2522 impreffiS
620 2443 892 2522 despumant
917 2445 1053 2500 musta
1077 2445 1286 2503 racemis,

72 2533 301 2591 Mandant
322 2531 372 2590 δε
397 2532 530 2589 sulcis
553 2536 774 2590 Cererem
797 2577 811 2600 ‚
836 2533 944 2589 dum
968 2551 1084 2589 terra
1106 2552 1273 2611 tepore

74 2622 297 2682 Autumni
323 2623 525 2682 resoluta
551 2644 675 2703 patet
694 2670 708 2692 ,
733 2624 839 2680 dum
866 2623 1037 2681 semina
1058 2625 1197 2681 ducit.
1557 2631 1676 2705 '665¹

79 2721 298 2793 Quatuor
321 2717 422 2774 haec
450 2717 499 2775 δε
519 2717 562 2774 iu
586 2737 681 2774 arte
703 2717 857 2775 valent
874 2759 888 2779 .,
913 2715 962 2773 ἃ
984 2735 1195 2796 tempora
1217 2733 1433 2786 vertunt5

52 2812 57 2817 ⁴
79 2810 155 2866 Sic
181 2809 266 2868 hos
287 2831 362 2866 aut
382 2809 489 2867 illos
514 2832 662 2866 rerum
688 2807 920 2866 sseftentia
940 2807 1062 2865 casus
1081 2853 1096 2876 ‚

81 2905 183 2961 Nec
210 2903 454 2982 quidquam
479 2902 526 2960 in
550 2902 692 2982 prima
718 2900 938 2982 patientia
961 2902 1069 2959 sede
1094 2924 1294 2959 manere.

164 2997 254 3052 Sed
282 3018 376 3051 non
402 3018 485 3074 per
511 3013 628 3051 totas
650 3017 778 3072 aequa
803 2995 865 3051 est
887 2993 1072 3051 versura
1095 2993 1290 3074 figuram,
1397 3055 1399 3057 .

83 3088 253 3147 Omnia
279 3112 363 3147 nec
387 3087 532 3168 plenis
558 3087 800 3146 fleetuntur
826 3107 1036 3168 tempora
1060 3087 1213 3167 signis.
1561 3096 1678 3161 670
