2165 3792
727 176 1175 237 NOTITIA
1233 179 1834 239 LITERARIA*

532 327 583 390 ς.
619 312 899 387 Daphnis-

443 196 561 256 232

526 465 584 522 6.
627 469 875 538 Silerum,
899 487 1067 545 quam
1099 466 1332 545 perinde
1368 478 1433 523 ut
1463 462 1782 523 Pollionem
1818 485 1884 524 ac
1916 465 2050 525 Gal-

444 554 566 612 lum
606 555 898 613 bucolicas
940 555 1166 635 eclogas
1195 557 1425 634 proprie
1461 554 1566 613 effe
1604 568 1770 634 negat
1801 555 2052 614 Servius.

443 643 607 702 Hanc
634 643 907 723 Eclogam
940 666 971 702 a
996 644 1280 702 Cicerone
1313 643 1561 703 auditam
1586 658 1772 702 narrat
1795 644 1886 702 Ti.
1916 644 2052 702 Do-

443 750 605 794 natus
624 781 641 808 ,
661 735 934 813 ‘illumque
963 733 1431 792 admirabundum
1459 733 1816 794 exclamasse:
1837 737 2055 811 Magna:

433 828 558 905 spes
582 830 742 884 altera
776 829 975 882 Romae.
1018 823 1127 880 Sed
1153 822 1379 881 videtur
1419 824 1628 884 Cicero
1652 823 1763 902 jam
1785 822 2053 883 interfec-

446 930 538 972 tus
564 914 668 972 effe
692 926 820 970 ante
848 934 1017 991 quam
1036 911 1463 992 hancEclogam
1485 913 1744 973 scriberet
1770 913 2056 993 Virgilius.

446 1005 595 1063 Vide
617 1050 638 1076 ‚
682 1003 721 1060 fi
759 1004 914 1060 lubet
937 1046 955 1076 ‚
992 1003 1366 1063 Vavafforem
1410 1004 1479 1065 de
1517 1005 1729 1065 ludicra
1771 1005 2055 1079 diffiom,
2136 1037 2142 1043 1

447 1116 575 1176 pag.
619 1115 745 1152 122.
786 1092 867 1174 sq.

532 1263 588 1319 7.
635 1225 930 1300 Meliboeus.

551 1389 607 1448 8.
676 1392 1106 1449 Pharmaceutria
1129 1435 1152 1462 ,
1191 1410 1263 1448 ex
1312 1410 1423 1470 qua
1467 1389 1649 1448 ansam
1697 1389 1909 1468 petiere
1949 1410 2059 1448 nu-

445 1479 746 1561 givenduli
819 1481 1056 1541 ridicula
1132 1481 1386 1560 quaedam
1459 1482 1527 1540 de
1597 1481 1780 1561 magia
1832 1481 2061 1562 Virgilii

451 1572 934 1633 comminiscendi.
1014 1575 1160 1634 Vide
1192 1618 1212 1648 ‚
1263 1572 1303 1630 fi
1353 1573 1574 1652 placet,
1631 1573 1949 1632 Naudaeum
1999 1572 2062 1631 in

451 1663 741 1745 Apologia
779 1686 887 1744 pro
926 1668 1108 1746 Magis
1132 1712 1150 1741 ,
1188 1666 1408 1726 Gallice
1445 1667 1570 1745 plus
1613 1666 1850 1745 fimplici
1888 1664 2062 1738 vice,

452 1759 516 1818 ὃ(
539 1778 719 1837 nuper
756 1760 1094 1820 Germanice
1126 1760 1357 1841 vulgata
1394 1780 1444 1820 e.
1468 1762 1630 1819 XVII
1647 1806 1666 1834 ‚
1688 1762 1750 1820 δε
1772 1757 1927 1819 Baelii
1953 1761 2062 1816 Le-

449 1979 621 2027 nempe
637 1974 771 2029 poeta
788 1961 1016 2029 scripserat
1029 1961 1100 2012 VI
1115 1963 1222 2016 AEn.
1364 1962 1565 2031 Effigiem
1583 1965 1692 2011 duco
1704 2003 1717 2025 ‚
1738 1982 1908 2013 numero
1932 1965 2065 2013 Deus

451 2031 571 2090 664.
599 2030 753 2096 quique
768 2031 845 2097 sui
874 2048 1074 2078 memores
1105 2031 1223 2079 alios

441 2097 583 2165 fecere
615 2099 836 2146 merendo:
865 2097 939 2145 vel
979 2111 1026 2145 ut
1061 2115 1223 2145 recen-

449 2167 576 2213 tioris
598 2165 820 2230 scriptoris
840 2164 1158 2213 hariolationes
1178 2166 1222 2211 in

448 2232 661 2282 medium
685 2230 872 2279 afferam
889 2271 905 2293 ‚
932 2232 1055 2280 idem
1081 2231 1224 2279 assen-

450 2302 588 2347 tiatur
614 2300 789 2348 Abbati
815 2298 1018 2366 Faydito
1035 2337 1049 2361 ‚
1074 2302 1150 2364 qui
1179 2303 1224 2347 in

455 2366 593 2417 Obff.
620 2368 665 2414 in
683 2366 930 2431 Virgilium
966 2368 1015 2415 Sc.
1049 2367 1226 2416 Home·

449 2452 555 2483 rum
599 2453 651 2483 ac
683 2434 739 2482 de
767 2434 867 2482 stilo
897 2433 1138 2500 Scripturae
1176 2434 1224 2485 S.

457 2502 617 2568 gallice
647 2502 773 2549 editis
796 2520 841 2566 p.
875 2519 982 2568 152.
1015 2501 1077 2567 sq.
1105 2520 1225 2550 con-

457 2569 599 2617 tendit
628 2570 799 2636 dogma
825 2570 881 2618 de
905 2569 982 2618 SS.
1002 2568 1226 2619 Trinitate-

455 2655 485 2684 a
502 2637 700 2752 Vi}gilio
731 2637 846 2686 tradi
876 2636 1051 2704 Ecloga
1078 2636 1225 2699 VIII,

458 2720 542 2770 73·
590 2723 634 2771 q·

532 2841 663 2895 Terra
678 2840 757 2887 tibi
773 2840 859 2887 haec
869 2838 1050 2905 primum
1064 2838 1227 2905 triplici

730 2909 902 2973 diversa
924 2907 1060 2954 colore

531 2974 659 3024 Licia
692 2976 904 3022 circumdo
923 3010 936 3033 ‚
969 2988 1110 3038 terque
1141 2975 1226 3023 haec

734 3043 897 3090 altaria
920 3041 1075 3090 circum

1560 2031 1722 2097 impare
1745 2035 1925 2098 gaudet.

1297 2161 1507 2212 haustum
1533 2163 1694 2213 scilicet
1722 2182 1746 2213 e
1765 2165 1939 2232 scriptis
1956 2166 2065 2214 Pla-

1295 2234 1446 2281 tonis:
1471 2234 1522 2281 &
1546 2246 1743 2280 mortem
1765 2233 1931 2284 Christi
1946 2272 1961 2291 ‚
1980 2234 2065 2281 ob-

1297 2298 1615 2367 scuratumque
1625 2300 1699 2348 illo
1713 2318 1899 2350 mortuo
1909 2302 2066 2351 Solem
2156 2348 2159 2349 γ

1368 2433 1450 2482 Sol
1480 2434 1560 2485 tibi
1575 2437 1708 2501 stgna
1734 2435 1859 2484 dabit
1876 2436 1970 2486 &c.

1300 2567 1516 2618 describit
1551 2568 1724 2637 Georg.
1754 2569 1818 2628 I,
1849 2570 1962 2634 463.
1997 2570 2066 2638 sq.

1301 2637 1366 2684 Vi
1369 2637 1412 2685 d.
1440 2635 1575 2686 Rich
1595 2636 1794 2685 Simonis
1817 2637 1932 2686 Bibl.
1949 2637 2069 2690 Crit.

1300 2703 1362 2752 T.
1404 2721 1448 2754 2.
1480 2722 1520 2752 c.
1557 2718 1630 2768 32.
1663 2705 1714 2753 ὃς
1742 2703 1804 2753 Τ.
1838 2722 1877 2755 1.
1907 2723 1947 2754 c.
1992 2721 2069 2770 31.

1299 2771 1432 2837 Virgi
1424 2771 1479 2818 :lii
1506 2770 1726 2837 Eclogam
1751 2790 1835 2836 pro
1858 2771 2065 2821 testimo-

1300 2840 1379 2886 nio
1401 2839 1598 2887 veritatis
1619 2839 1890 2888 Christianae
1912 2840 2066 2888 lauda-

1301 2908 1368 2953 vit
1391 2907 1475 2954 eti}¹
1454 2906 1680 2954 amHenr
1703 2905 1957 2955 Newtonus
1976 2906 2064 2972 Ep.

1307 2989 1380 3037 3.
1410 2973 1474 3021 Vi
1476 2972 1530 3020 de
1558 2970 1613 3019 fis
1637 2975 1777 3023 etiam
1802 2974 1980 3026 Surium
2006 2972 2065 3024 ad

1300 3039 1368 3090 IX
1387 3038 1581 3109 August.
1603 3057 1652 3107 p.
1678 3043 1792 3109 605.
