2165 3792
430 212 546 290 236
710 184 1172 269 NOTITIA
1217 202 1814 268 L‘J-TERARIA

429 345 748 421 Diophanes
765 343 1068 403 Nicaeenfis
1089 391 1108 417 ‚
1137 349 1451 422 Diophanes
1484 341 1817 423 Bithynicus
1834 387 1852 416 ‚
1879 343 2047 422 cujus¹

428 437 720 515 epitomen
765 435 1186 516 Georgicorum
1235 437 1502 516 Dionyfii
1567 433 1845 492 Uticensis
1905 434 2041 492 citat

430 528 599 585 etiam
627 526 860 586 Plinius.
906 531 1261 604 Epicharmus
1287 527 1505 585 Siculus
1530 571 1546 599 ‚
1564 529 1835 603 Epigenes
1872 525 2039 584 Rho-

431 619 556 675 dius
579 662 598 690 ‚
624 621 854 696 Evagon
888 617 1121 675 Thasius
1144 663 1164 689 ‚
1200 640 1368 696 quem
1402 617 1618 675 Plinius
1660 615 1793 674 alibi
1819 621 2041 693 Evago-

433 734 546 769 ram
592 709 853 768 nominat
891 731 904 766 :
950 712 1189 766 Eubolus
1230 709 1327 785 qui
1364 705 1700 766 Columellae
1747 708 1811 765 &
1854 706 2046 764 Plinio.

433 805 703 860 cleobolus
727 846 745 872 ‚
788 821 896 879 ego
940 820 1085 858 vero
1129 803 1373 856 Eubulus
1420 798 1651 868 malim3
1688 800 1996 874 Euphorion
2021 841 2047 870 ,

430 900 691 971 ,Euphron
714 940 730 963 ‚
766 897 1109 969 Euphronius
1135 890 1520 961 Atheniensis»,
1544 893 1888 967 Euphronius
1910 889 2044 945 Am-

431 985 742 1065 phipolites
762 1028 777 1054 ,
803 985 1052 1064 Hegesias
1071 982 1384 1039 Maronites
1410 1025 1427 1052 ‚
1452 980 1717 1039 mendose
1737 979 1889 1038 enim
1910 978 2047 1057 legi·

433 1089 527 1132 tur
562 1075 710 1153 apud
737 1076 1057 1132 Varronem
1081 1073 1334 1153 AEgesias
1354 1117 1371 1145 ‚
1411 1075 1613 1129 Hieron
1647 1071 1862 1130 Siculus
1883 1116 1901 1145 ‚
1929 1073 2046 1129 Ho-

418 1168 564 1250 stilii
597 1166 827 1241 Sasernae
855 1179 1012 1244 pater
1037 1167 1099 1225 &
1124 1163 1271 1222 filius
1296 1208 1313 1236 ‚
1345 1167 1575 1221 Incertus
1599 1164 1777 1220 auc‘lor
1803 1170 1916 1239 περὶ
1942 1174 2052 1230 βου-

405 1261 407 1264 ⁴
434 1268 629 1335 γονίας,
667 1259 1012 1335 Lysimachus
1029 1303 1046 1330 ‚
1079 1261 1248 1334 Mago
1271 1253 1747 1332 Carthaginiensis
1770 1276 1801 1312 a
1827 1256 2050 1329 Diony-

419 1350 512 1432 sto
547 1351 801 1411 Uticensi
833 1351 1139 1410 conversus
1173 1352 1371 1407 Graece
1389 1393 1407 1421 ‚
1434 1352 1726 1406 Menander
1745 1346 2052 1418 prienaeus,

436 1441 733 1499 Menander
764 1440 1128 1499 Heracleotes
1147 1484 1164 1512 ‚
1201 1443 1518 1497 Menecrates
1550 1438 1814 1517 Ephesius
1848 1451 2050 1516 poeta,

436 1550 608 1608 quem
643 1531 711 1589 de
752 1533 948 1610 apibus
990 1530 1290 1610 scripfiffe‚
1318 1529 1629 1609 intelligere
1661 1529 1946 1608 poffumus
1978 1549 2052 1585 ex

436 1621 702 1680 Varrone
744 1623 838 1682 lib.
875 1644 928 1701 3.
967 1622 1126 1701 cujus
1159 1622 1327 1680 etiam
1360 1620 1619 1678 meminit
1658 1620 1931 1679 Nicandri
1960 1619 2052 1676 in-

439 1724 696 1789 terpre53
741 1718 1081 1800 B‘Ienestratus
1104 1759 1124 1785 ,
1167 1712 1423 1787 Mnaseas
1474 1711 1722 1769 Milesius
1747 1755 1764 1784 ‚
1814 1711 2054 1790 Nicefius

440 1802 799 1877 Maronites,
841 1805 938 1864 vel
980 1820 1043 1861 ut
1089 1825 1196 1882 ego
1241 1817 1383 1879 puto
1409 1846 1424 1873 ‚
1464 1804 1704 1884 Hieestus
1729 1846 1747 1874 ,
1788 1799 1944 1877 cujus
1989 1799 2054 1855 fit

423 1893 661 1952 .mentio
697 1896 843 1974 apud
875 1895 1209 1953 Athenaeum
1238 1897 1298 1952 &
1321 1892 1566 1952 Plinium
1592 1893 1687 1949 lib.
1713 1892 1846 1950 XV.
1876 1894 2055 1948 Oaa'es

441 1985 543 2063 qui
562 1990 750 2045 Dadis
783 1987 1096 2066 appellatur
1122 2009 1152 2044 a
1181 1983 1530 2057 Columella,
1561 2004 1795 2062 eamque
1818 1981 2053 2059 scriptu-

443 2096 567 2132 ram
610 2077 814 2154 probat
850 2080 1043 2134 Petrus
1083 2073 1406 2132 Victorius:
1438 2075 1606 2154 Perfis
1630 2117 1647 2145 ‚
1682 2072 1778 2130 vel
1813 2086 1877 2128 ut
1916 2071 2012 2128 alii
2035 2115 2055 2142 ,

445 2167 662 2240 Perfius
685 2209 701 2237 ,
733 2164 872 2222 mihi
906 2178 1093 2222 tamen
1129 2163 1376 2242 placeret
1409 2164 1620 2237 Perses:
1648 2164 2055 2237 Pleutiphanes,

444 2259 683 2332 Pythion
706 2255 967 2314 Rhodius
984 2301 1002 2328 ‚
1024 2258 1323 2331 Xenophon
1348 2252 1699 2325 Socraticus,
1727 2256 1789 2311 &
1813 2251 2057 2331 (latinus

446 2344 741 2426 scriptor)
785 2350 1087 2405 Tremellius
1116 2346 1322 2419 Sct‘ofiz.
1362 2344 1501 2401 Haec
1536 2365 1608 2401 ex
1648 2345 1729 2402 M.
1755 2346 2057 2415 Varrone,

447 2441 514 2498 &
533 2438 869 2498 Columella.
898 2441 1161 2515 Orpheum
1194 2438 1359 2497 etiam
1388 2452 1458 2497 T&
1484 2448 1737 2514 γεωργικὰ
1768 2435 2063 2508 cecinisse,

449 2553 696 2612 eumque
744 2531 993 2590 libellum
1035 2543 1164 2611 ἔργα
1194 2544 1245 2593 &
1276 2541 1451 2611 ἡμέρας
1494 2527 1824 2605 inscriptum
1855 2526 2012 2585 fuiffe
2037 2569 2058 2600 ,

452 2622 646 2679 auctor
667 2620 746 2679 est
771 2619 982 2679 Isaacus
1005 2621 1238 2678 Tzetzes
1267 2620 1327 2678 in
1351 2620 1456 2679 suis
1477 2619 1537 2678 in
1563 2616 1868 2675 Hefiodum
1890 2637 2056 2675 com-

453 2711 741 2770 mentariis
763 2756 782 2785 ‚
817 2710 915 2790 qui
948 2709 1262 2768 nonnullos
1295 2709 1463 2768 etiarn
1498 2730 1569 2767 ex
1605 2727 1675 2765 eo
1716 2726 1888 2784 opere
1920 2727 2057 2766 ver-

456 2802 542 2862 sus
567 2802 803 2881 profert.
837 2802 945 2859 Sed
979 2803 1040 2860 &
1070 2800 1200 2858 alibi
1240 2802 1391 2860 idem
1425 2800 1675 2859 eruditus
1709 2799 2055 2857 Grammati-

355 2880 360 2891 ¹
455 2913 558 2950 cus
592 2892 813 2971 Orphei
840 2891 1256 2970 Georgicorum
1290 2890 1562 2949 meminit.
1599 2888 1845 2947 Videant
1870 2903 2055 2949 autem

459 2982 613 3040 docti
632 3027 654 3054 ,
685 2984 750 3041 fit
791 3003 969 3042 necne
1010 3002 1156 3060 opus
1192 2981 1329 3039 illud
1366 2980 1607 3058 Orpheo
1646 2979 2006 3038 tribuendum
2034 3022 2052 3049 ,

459 3095 590 3136 cum
622 3074 840 3135 nullum
862 3072 1019 3134 fuiffe
1048 3072 1342 3153 Orpheum
1375 3071 1701 3133 Aristoteles
1727 3072 1788 3132 δέ
1824 3090 1950 3130 eum
1976 3067 2053 3128 se·
