<?xml version="1.0" encoding="UTF-8"?>
<!DOCTYPE html PUBLIC "-//W3C//DTD XHTML 1.0 Transitional//EN"
    "http://www.w3.org/TR/xhtml1/DTD/xhtml1-transitional.dtd">
<html xmlns="http://www.w3.org/1999/xhtml" xml:lang="en" lang="en">
 <head>
  <title>
</title>
<meta http-equiv="Content-Type" content="text/html;charset=utf-8" />
  <meta name='ocr-system' content='tesseract 3.04.00' />
  <meta name='ocr-capabilities' content='ocr_page ocr_carea ocr_par ocr_line ocrx_word'/>
</head>
<body>
  <div class='ocr_page' id='page_1' title='image "./pvirgiliimaronis002virg_0332.png"; bbox 0 0 2165 3792; ppageno 0'>
   <div class='ocr_carea' id='block_1_1' title="bbox 442 241 1803 331">
    <p class='ocr_par' dir='ltr' id='par_1_1' title="bbox 442 241 1803 331">
     <span class='ocr_line' id='line_1_1' title="bbox 442 241 1803 331; baseline 0.001 -28"><span class='ocrx_word' id='word_1_1' title='bbox 442 269 562 331; x_wconf 62' lang='lat'><strong>324</strong></span> <span class='ocrx_word' id='word_1_2' title='bbox 686 247 1144 306; x_wconf 79' lang='lat' dir='ltr'><em>NOTITIA</em></span> <span class='ocrx_word' id='word_1_3' title='bbox 1205 241 1803 303; x_wconf 76' lang='lat' dir='ltr'><em>LJTERARJA</em></span> 
     </span>
    </p>
   </div>
   <div class='ocr_carea' id='block_1_2' title="bbox 447 377 2043 517">
    <p class='ocr_par' dir='ltr' id='par_1_2' title="bbox 447 377 2043 517">
     <span class='ocr_line' id='line_1_2' title="bbox 467 377 1241 442; baseline -0.006 -9"><span class='ocrx_word' id='word_1_4' title='bbox 467 410 471 412; x_wconf 15' lang='grc' dir='ltr'>ἡ</span> <span class='ocrx_word' id='word_1_5' title='bbox 645 382 693 431; x_wconf 84' lang='grc' dir='ltr'><strong>Ρ.</strong></span> <span class='ocrx_word' id='word_1_6' title='bbox 724 378 785 428; x_wconf 71' lang='lat' dir='ltr'><strong>V.</strong></span> <span class='ocrx_word' id='word_1_7' title='bbox 821 379 894 430; x_wconf 83' lang='lat' dir='ltr'><strong>M.</strong></span> <span class='ocrx_word' id='word_1_8' title='bbox 939 379 1161 442; x_wconf 79' lang='lat' dir='ltr'><strong>Antverp.</strong></span> <span class='ocrx_word' id='word_1_9' title='bbox 1195 377 1241 428; x_wconf 84' lang='lat'><strong>8.</strong></span> 
     </span>
     <span class='ocr_line' id='line_1_3' title="bbox 447 444 2043 517; baseline -0.003 -18"><span class='ocrx_word' id='word_1_10' title='bbox 447 455 572 517; x_wconf 83' lang='lat'>1634</span> <span class='ocrx_word' id='word_1_11' title='bbox 641 447 812 499; x_wconf 87' lang='lat' dir='ltr'><strong>Studio</strong></span> <span class='ocrx_word' id='word_1_12' title='bbox 833 445 926 497; x_wconf 81' lang='lat' dir='ltr'><strong>Th.</strong></span> <span class='ocrx_word' id='word_1_13' title='bbox 958 447 1203 496; x_wconf 76' lang='lat' dir='ltr'><strong>Pulmanni</strong></span> <span class='ocrx_word' id='word_1_14' title='bbox 1235 448 1461 494; x_wconf 63' lang='lat' dir='ltr'><strong>correcta.</strong></span> <span class='ocrx_word' id='word_1_15' title='bbox 1487 447 1620 512; x_wconf 81' lang='lat' dir='ltr'><strong>Amst.</strong></span> <span class='ocrx_word' id='word_1_16' title='bbox 1651 462 1726 509; x_wconf 85' lang='lat' dir='ltr'><strong>ap.</strong></span> <span class='ocrx_word' id='word_1_17' title='bbox 1759 444 1962 511; x_wconf 75' lang='lat' dir='ltr'><strong>Janffim.</strong></span> <span class='ocrx_word' id='word_1_18' title='bbox 1995 445 2043 494; x_wconf 72' lang='lat'><strong>8.</strong></span> 
     </span>
    </p>
   </div>
   <div class='ocr_carea' id='block_1_3' title="bbox 650 520 2046 657">
    <p class='ocr_par' dir='ltr' id='par_1_3' title="bbox 650 520 2046 657">
     <span class='ocr_line' id='line_1_4' title="bbox 650 520 2046 585; baseline -0.001 -13"><span class='ocrx_word' id='word_1_19' title='bbox 650 524 858 572; x_wconf 77' lang='lat' dir='ltr'><strong>Famabii</strong></span> <span class='ocrx_word' id='word_1_20' title='bbox 883 522 940 572; x_wconf 89' lang='lat' dir='ltr'><strong>I:</strong></span> <span class='ocrx_word' id='word_1_21' title='bbox 974 522 1138 585; x_wconf 80' lang='lat' dir='ltr'>Opera</span> <span class='ocrx_word' id='word_1_22' title='bbox 1171 522 1297 571; x_wconf 89' lang='lat' dir='ltr'><strong>notis</strong></span> <span class='ocrx_word' id='word_1_23' title='bbox 1332 520 1733 585; x_wconf 87' lang='lat' dir='ltr'><strong>admarginalibus</strong></span> <span class='ocrx_word' id='word_1_24' title='bbox 1760 520 1986 572; x_wconf 88' lang='lat' dir='ltr'><strong>illustrata</strong></span> <span class='ocrx_word' id='word_1_25' title='bbox 2018 539 2046 570; x_wconf 83' lang='lat' dir='ltr'><strong>a</strong></span> 
     </span>
     <span class='ocr_line' id='line_1_5' title="bbox 651 589 1776 657; baseline -0.003 -16"><span class='ocrx_word' id='word_1_26' title='bbox 651 590 748 642; x_wconf 87' lang='lat' dir='ltr'><strong>Th.</strong></span> <span class='ocrx_word' id='word_1_27' title='bbox 767 591 995 639; x_wconf 70' lang='lat' dir='ltr'><strong>Famabio.</strong></span> <span class='ocrx_word' id='word_1_28' title='bbox 1038 590 1247 638; x_wconf 76' lang='lat' dir='ltr'><strong>Londini.</strong></span> <span class='ocrx_word' id='word_1_29' title='bbox 1293 589 1425 640; x_wconf 83' lang='lat' dir='ltr'>Felix</span> <span class='ocrx_word' id='word_1_30' title='bbox 1466 590 1700 657; x_wconf 81' lang='lat' dir='ltr'><strong>Kingston.</strong></span> <span class='ocrx_word' id='word_1_31' title='bbox 1729 589 1776 638; x_wconf 89' lang='lat'><strong>8.</strong></span> 
     </span>
    </p>
   </div>
   <div class='ocr_carea' id='block_1_4' title="bbox 447 664 2051 1539">
    <p class='ocr_par' dir='ltr' id='par_1_4' title="bbox 447 664 2051 1539">
     <span class='ocr_line' id='line_1_6' title="bbox 447 664 2048 739; baseline -0.006 -18"><span class='ocrx_word' id='word_1_32' title='bbox 447 672 573 739; x_wconf 76' lang='lat'>1636</span> <span class='ocrx_word' id='word_1_33' title='bbox 643 671 693 721; x_wconf 90' lang='lat' dir='ltr'><strong>P.</strong></span> <span class='ocrx_word' id='word_1_34' title='bbox 712 670 753 719; x_wconf 81' lang='lat' dir='ltr'><strong>V</strong></span> <span class='ocrx_word' id='word_1_35' title='bbox 759 707 768 717; x_wconf 95' lang='lat'><strong>.</strong></span> <span class='ocrx_word' id='word_1_36' title='bbox 797 667 868 718; x_wconf 84' lang='lat' dir='ltr'><strong>M.</strong></span> <span class='ocrx_word' id='word_1_37' title='bbox 903 682 942 715; x_wconf 89' lang='lat' dir='ltr'><strong>e.</strong></span> <span class='ocrx_word' id='word_1_38' title='bbox 973 666 1162 714; x_wconf 89' lang='lat' dir='ltr'><strong>Comm.</strong></span> <span class='ocrx_word' id='word_1_39' title='bbox 1201 664 1377 724; x_wconf 80' lang='lat' dir='ltr'><strong>Servii,</strong></span> <span class='ocrx_word' id='word_1_40' title='bbox 1409 664 1460 715; x_wconf 84' lang='lat' dir='ltr'><strong>P.</strong></span> <span class='ocrx_word' id='word_1_41' title='bbox 1487 665 1702 712; x_wconf 81' lang='lat' dir='ltr'><em>Danielis</em></span> <span class='ocrx_word' id='word_1_42' title='bbox 1739 665 1828 713; x_wconf 74' lang='grc' dir='ltr'><strong>8εο.</strong></span> <span class='ocrx_word' id='word_1_43' title='bbox 1863 665 2048 712; x_wconf 81' lang='lat' dir='ltr'><strong>Genevae</strong></span> 
     </span>
     <span class='ocr_line' id='line_1_7' title="bbox 645 730 2044 801; baseline -0.006 -14"><span class='ocrx_word' id='word_1_44' title='bbox 645 753 721 801; x_wconf 90' lang='lat' dir='ltr'><strong>ap.</strong></span> <span class='ocrx_word' id='word_1_45' title='bbox 741 737 933 785; x_wconf 85' lang='lat' dir='ltr'><strong>Petrum</strong></span> <span class='ocrx_word' id='word_1_46' title='bbox 957 736 1000 782; x_wconf 63' lang='grc' dir='ltr'><strong>ἃ</strong></span> <span class='ocrx_word' id='word_1_47' title='bbox 1025 733 1125 792; x_wconf 73' lang='lat' dir='ltr'><strong>jac,</strong></span> <span class='ocrx_word' id='word_1_48' title='bbox 1153 733 1343 789; x_wconf 76' lang='lat' dir='ltr'><strong>Chouet‚</strong></span> <span class='ocrx_word' id='word_1_49' title='bbox 1371 730 1455 779; x_wconf 81' lang='lat' dir='ltr'><strong>fol.</strong></span> <span class='ocrx_word' id='word_1_50' title='bbox 1486 749 1530 791; x_wconf 87' lang='lat'><strong>4.</strong></span> <span class='ocrx_word' id='word_1_51' title='bbox 1559 730 1768 795; x_wconf 74' lang='lat' dir='ltr'><strong>expressa</strong></span> <span class='ocrx_word' id='word_1_52' title='bbox 1784 730 2044 782; x_wconf 81' lang='lat' dir='ltr'><strong>secundum</strong></span> 
     </span>
     <span class='ocr_line' id='line_1_8' title="bbox 640 798 2046 860; baseline -0.004 -6"><span class='ocrx_word' id='word_1_53' title='bbox 640 805 763 854; x_wconf 79' lang='lat' dir='ltr'><strong>edit.</strong></span> <span class='ocrx_word' id='word_1_54' title='bbox 801 801 1017 850; x_wconf 78' lang='lat' dir='ltr'><em>Danielis</em></span> <span class='ocrx_word' id='word_1_55' title='bbox 1051 814 1125 846; x_wconf 85' lang='lat' dir='ltr'><strong>an.</strong></span> <span class='ocrx_word' id='word_1_56' title='bbox 1166 798 1290 847; x_wconf 82' lang='lat'>1600</span> <span class='ocrx_word' id='word_1_57' title='bbox 1319 807 1400 846; x_wconf 85' lang='lat' dir='ltr'><strong>aut</strong></span> <span class='ocrx_word' id='word_1_58' title='bbox 1431 800 1610 860; x_wconf 79' lang='lat' dir='ltr'>priores</span> <span class='ocrx_word' id='word_1_59' title='bbox 1638 800 1814 849; x_wconf 87' lang='lat' dir='ltr'><strong>Genev.</strong></span> <span class='ocrx_word' id='word_1_60' title='bbox 1849 800 1973 849; x_wconf 90' lang='lat'>1610</span> <span class='ocrx_word' id='word_1_61' title='bbox 2001 799 2046 848; x_wconf 77' lang='lat'>&amp;</span> 
     </span>
     <span class='ocr_line' id='line_1_9' title="bbox 652 863 2048 930; baseline -0.005 -10"><span class='ocrx_word' id='word_1_62' title='bbox 652 874 809 930; x_wconf 77' lang='lat'>1620,</span> <span class='ocrx_word' id='word_1_63' title='bbox 840 865 1005 915; x_wconf 82' lang='lat' dir='ltr'><strong>vitiosa</strong></span> <span class='ocrx_word' id='word_1_64' title='bbox 1030 863 1225 928; x_wconf 86' lang='lat' dir='ltr'><strong>quidem</strong></span> <span class='ocrx_word' id='word_1_65' title='bbox 1242 901 1255 924; x_wconf 79' lang='grc'>,</span> <span class='ocrx_word' id='word_1_66' title='bbox 1291 863 1371 912; x_wconf 82' lang='lat' dir='ltr'><strong>sed</strong></span> <span class='ocrx_word' id='word_1_67' title='bbox 1396 866 1447 913; x_wconf 87' lang='lat'><strong>·&amp;</strong></span> <span class='ocrx_word' id='word_1_68' title='bbox 1473 864 1597 914; x_wconf 91' lang='lat' dir='ltr'><strong>bona</strong></span> <span class='ocrx_word' id='word_1_69' title='bbox 1623 865 1771 915; x_wconf 88' lang='lat' dir='ltr'><strong>habet</strong></span> <span class='ocrx_word' id='word_1_70' title='bbox 1805 865 1867 915; x_wconf 93' lang='lat' dir='ltr'><strong>ob</strong></span> <span class='ocrx_word' id='word_1_71' title='bbox 1897 866 2048 915; x_wconf 84' lang='lat' dir='ltr'><strong>varias</strong></span> 
     </span>
     <span class='ocr_line' id='line_1_10' title="bbox 645 930 2051 989; baseline -0.004 -1"><span class='ocrx_word' id='word_1_72' title='bbox 645 939 796 989; x_wconf 66' lang='lat' dir='ltr'><strong>Lec‘n.</strong></span> <span class='ocrx_word' id='word_1_73' title='bbox 817 934 907 984; x_wconf 83' lang='lat' dir='ltr'><strong>inl</strong></span> <span class='ocrx_word' id='word_1_74' title='bbox 930 936 973 983; x_wconf 63' lang='grc' dir='ltr'><strong>δέ</strong></span> <span class='ocrx_word' id='word_1_75' title='bbox 991 933 1037 982; x_wconf 87' lang='grc' dir='ltr'>Π</span> <span class='ocrx_word' id='word_1_76' title='bbox 1058 933 1162 982; x_wconf 78' lang='lat' dir='ltr'><strong>AEn.</strong></span> <span class='ocrx_word' id='word_1_77' title='bbox 1186 947 1212 978; x_wconf 87' lang='lat' dir='ltr'><strong>e</strong></span> <span class='ocrx_word' id='word_1_78' title='bbox 1233 930 1488 980; x_wconf 81' lang='lat' dir='ltr'><strong>collatione</strong></span> <span class='ocrx_word' id='word_1_79' title='bbox 1508 932 1639 982; x_wconf 83' lang='lat' dir='ltr'><strong>MSti</strong></span> <span class='ocrx_word' id='word_1_80' title='bbox 1666 933 1908 983; x_wconf 76' lang='lat' dir='ltr'><strong>Fuldensxs</strong></span> <span class='ocrx_word' id='word_1_81' title='bbox 1937 949 2051 983; x_wconf 88' lang='lat' dir='ltr'><strong>cum</strong></span> 
     </span>
     <span class='ocr_line' id='line_1_11' title="bbox 650 997 2048 1065; baseline -0.004 -10"><span class='ocrx_word' id='word_1_82' title='bbox 650 1005 786 1055; x_wconf 73' lang='lat' dir='ltr'><strong>MSS.</strong></span> <span class='ocrx_word' id='word_1_83' title='bbox 808 1003 853 1051; x_wconf 77' lang='lat' dir='ltr'><strong>P.</strong></span> <span class='ocrx_word' id='word_1_84' title='bbox 880 999 1092 1051; x_wconf 80' lang='lat' dir='ltr'>Danielis</span> <span class='ocrx_word' id='word_1_85' title='bbox 1121 1001 1166 1048; x_wconf 67' lang='grc' dir='ltr'>ἂ</span> <span class='ocrx_word' id='word_1_86' title='bbox 1194 997 1264 1047; x_wconf 84' lang='grc' dir='ltr'><strong>ΡΙ.</strong></span> <span class='ocrx_word' id='word_1_87' title='bbox 1290 997 1529 1062; x_wconf 82' lang='lat' dir='ltr'><strong>Fulgentii</strong></span> <span class='ocrx_word' id='word_1_88' title='bbox 1557 1001 1898 1063; x_wconf 77' lang='lat' dir='ltr'><strong>expofitionem</strong></span> <span class='ocrx_word' id='word_1_89' title='bbox 1918 1001 2048 1065; x_wconf 81' lang='lat' dir='ltr'><strong>Virg.</strong></span> 
     </span>
     <span class='ocr_line' id='line_1_12' title="bbox 646 1064 2048 1128; baseline -0.001 -9"><span class='ocrx_word' id='word_1_90' title='bbox 646 1069 952 1120; x_wconf 62' lang='lat' dir='ltr'><strong>continentiae</strong></span> <span class='ocrx_word' id='word_1_91' title='bbox 999 1069 1204 1116; x_wconf 87' lang='lat' dir='ltr'><strong>duorum</strong></span> <span class='ocrx_word' id='word_1_92' title='bbox 1258 1064 1540 1128; x_wconf 80' lang='lat' dir='ltr'><strong>scriptorum</strong></span> <span class='ocrx_word' id='word_1_93' title='bbox 1580 1067 1733 1116; x_wconf 86' lang='lat' dir='ltr'><strong>Codd.</strong></span> <span class='ocrx_word' id='word_1_94' title='bbox 1759 1070 1845 1117; x_wconf 90' lang='lat' dir='ltr'><strong>viri</strong></span> <span class='ocrx_word' id='word_1_95' title='bbox 1888 1067 2048 1118; x_wconf 76' lang='lat' dir='ltr'><strong>literas</strong></span> 
     </span>
     <span class='ocr_line' id='line_1_13' title="bbox 646 1134 2047 1188; baseline -0.002 0"><span class='ocrx_word' id='word_1_96' title='bbox 646 1138 851 1188; x_wconf 72' lang='lat' dir='ltr'><strong>amantis</strong></span> <span class='ocrx_word' id='word_1_97' title='bbox 879 1135 1138 1184; x_wconf 84' lang='lat' dir='ltr'><strong>collatione</strong></span> <span class='ocrx_word' id='word_1_98' title='bbox 1163 1134 1555 1184; x_wconf 71' lang='lat' dir='ltr'><strong>emendatiorem.</strong></span> <span class='ocrx_word' id='word_1_99' title='bbox 1609 1134 1858 1184; x_wconf 65' lang='lat' dir='ltr'><strong>Correftor</strong></span> <span class='ocrx_word' id='word_1_100' title='bbox 1886 1147 2047 1185; x_wconf 85' lang='lat' dir='ltr'><strong>autem</strong></span> 
     </span>
     <span class='ocr_line' id='line_1_14' title="bbox 641 1200 2046 1267; baseline -0.003 -12"><span class='ocrx_word' id='word_1_101' title='bbox 641 1207 708 1255; x_wconf 80' lang='lat' dir='ltr'><strong>-ad</strong></span> <span class='ocrx_word' id='word_1_102' title='bbox 740 1205 949 1254; x_wconf 80' lang='lat' dir='ltr'><strong>indicem</strong></span> <span class='ocrx_word' id='word_1_103' title='bbox 984 1201 1232 1266; x_wconf 84' lang='lat' dir='ltr'><strong>copiosum</strong></span> <span class='ocrx_word' id='word_1_104' title='bbox 1261 1200 1430 1250; x_wconf 87' lang='lat' dir='ltr'><strong>utilem</strong></span> <span class='ocrx_word' id='word_1_105' title='bbox 1462 1204 1506 1251; x_wconf 69' lang='lat' dir='ltr'><strong>Sc</strong></span> <span class='ocrx_word' id='word_1_106' title='bbox 1532 1201 1739 1264; x_wconf 78' lang='lat' dir='ltr'><strong>bonum,</strong></span> <span class='ocrx_word' id='word_1_107' title='bbox 1773 1204 1889 1265; x_wconf 90' lang='lat' dir='ltr'><strong>quin</strong></span> <span class='ocrx_word' id='word_1_108' title='bbox 1921 1205 2046 1267; x_wconf 55' lang='lat' dir='ltr'><strong>optiss</strong></span> 
     </span>
     <span class='ocr_line' id='line_1_15' title="bbox 645 1268 2046 1338; baseline -0.002 -16"><span class='ocrx_word' id='word_1_109' title='bbox 645 1291 779 1322; x_wconf 82' lang='lat' dir='ltr'><strong>mum</strong></span> <span class='ocrx_word' id='word_1_110' title='bbox 800 1310 813 1333; x_wconf 74' lang='lat'>,</span> <span class='ocrx_word' id='word_1_111' title='bbox 835 1279 855 1338; x_wconf 80' lang='lat'>(</span> <span class='ocrx_word' id='word_1_112' title='bbox 868 1271 1030 1334; x_wconf 74' lang='lat' dir='ltr'><strong>judice</strong></span> <span class='ocrx_word' id='word_1_113' title='bbox 1057 1269 1152 1320; x_wconf 75' lang='lat' dir='ltr'><strong>Th.</strong></span> <span class='ocrx_word' id='word_1_114' title='bbox 1173 1269 1347 1318; x_wconf 88' lang='lat' dir='ltr'><strong>Crenio</strong></span> <span class='ocrx_word' id='word_1_115' title='bbox 1375 1268 1406 1318; x_wconf 89' lang='lat' dir='ltr'><strong>s.</strong></span> <span class='ocrx_word' id='word_1_116' title='bbox 1435 1269 1593 1318; x_wconf 85' lang='lat' dir='ltr'><strong>Crufio</strong></span> <span class='ocrx_word' id='word_1_117' title='bbox 1616 1271 1854 1319; x_wconf 83' lang='lat' dir='ltr'><strong>animadv.</strong></span> <span class='ocrx_word' id='word_1_118' title='bbox 1875 1270 2046 1334; x_wconf 86' lang='lat' dir='ltr'><strong>philol.</strong></span> 
     </span>
     <span class='ocr_line' id='line_1_16' title="bbox 645 1336 2050 1402; baseline -0.003 -11"><span class='ocrx_word' id='word_1_119' title='bbox 645 1341 697 1391; x_wconf 78' lang='lat' dir='ltr'><strong>P.</strong></span> <span class='ocrx_word' id='word_1_120' title='bbox 722 1341 783 1390; x_wconf 77' lang='lat' dir='ltr'><strong>[V</strong></span> <span class='ocrx_word' id='word_1_121' title='bbox 802 1378 814 1401; x_wconf 81' lang='lat'>,</span> <span class='ocrx_word' id='word_1_122' title='bbox 835 1357 881 1401; x_wconf 89' lang='lat' dir='ltr'><strong>p.</strong></span> <span class='ocrx_word' id='word_1_123' title='bbox 925 1357 941 1386; x_wconf 93' lang='lat'>1</span> <span class='ocrx_word' id='word_1_124' title='bbox 965 1377 979 1399; x_wconf 83' lang='lat'><em>‚</em></span> <span class='ocrx_word' id='word_1_125' title='bbox 1007 1355 1044 1402; x_wconf 82' lang='lat'><strong>3.</strong></span> <span class='ocrx_word' id='word_1_126' title='bbox 1065 1340 1086 1398; x_wconf 77' lang='lat'><em>)</em></span> <span class='ocrx_word' id='word_1_127' title='bbox 1107 1339 1157 1385; x_wconf 89' lang='lat' dir='ltr'><strong>in</strong></span> <span class='ocrx_word' id='word_1_128' title='bbox 1175 1336 1319 1387; x_wconf 82' lang='lat' dir='ltr'><strong>Servii</strong></span> <span class='ocrx_word' id='word_1_129' title='bbox 1350 1337 1540 1386; x_wconf 87' lang='lat' dir='ltr'><strong>Comm.</strong></span> <span class='ocrx_word' id='word_1_130' title='bbox 1574 1337 1703 1387; x_wconf 88' lang='lat' dir='ltr'><strong>haud</strong></span> <span class='ocrx_word' id='word_1_131' title='bbox 1729 1349 1894 1387; x_wconf 86' lang='lat' dir='ltr'><strong>curate</strong></span> <span class='ocrx_word' id='word_1_132' title='bbox 1914 1338 2050 1396; x_wconf 77' lang='lat' dir='ltr'><strong>satiS,</strong></span> 
     </span>
     <span class='ocr_line' id='line_1_17' title="bbox 646 1402 2049 1471; baseline -0.001 -14"><span class='ocrx_word' id='word_1_133' title='bbox 646 1408 778 1471; x_wconf 79' lang='lat' dir='ltr'><strong>quod</strong></span> <span class='ocrx_word' id='word_1_134' title='bbox 827 1408 888 1456; x_wconf 83' lang='lat' dir='ltr'><strong>ad</strong></span> <span class='ocrx_word' id='word_1_135' title='bbox 934 1421 1157 1453; x_wconf 83' lang='lat' dir='ltr'><strong>numeros</strong></span> <span class='ocrx_word' id='word_1_136' title='bbox 1203 1421 1343 1468; x_wconf 82' lang='lat' dir='ltr'><strong>pagg.</strong></span> <span class='ocrx_word' id='word_1_137' title='bbox 1403 1405 1600 1465; x_wconf 83' lang='lat' dir='ltr'><strong>attinet,</strong></span> <span class='ocrx_word' id='word_1_138' title='bbox 1651 1402 1956 1470; x_wconf 80' lang='lat' dir='ltr'><strong>advigilavit3</strong></span> <span class='ocrx_word' id='word_1_139' title='bbox 2005 1408 2049 1455; x_wconf 70' lang='lat' dir='ltr'><strong>St</strong></span> 
     </span>
     <span class='ocr_line' id='line_1_18' title="bbox 647 1471 1687 1539; baseline -0.002 -15"><span class='ocrx_word' id='word_1_140' title='bbox 647 1476 806 1539; x_wconf 81' lang='lat' dir='ltr'><strong>ipsum</strong></span> <span class='ocrx_word' id='word_1_141' title='bbox 838 1490 961 1537; x_wconf 81' lang='lat' dir='ltr'><strong>opus</strong></span> <span class='ocrx_word' id='word_1_142' title='bbox 994 1471 1222 1522; x_wconf 85' lang='lat' dir='ltr'><strong>mendose</strong></span> <span class='ocrx_word' id='word_1_143' title='bbox 1259 1471 1488 1521; x_wconf 82' lang='lat' dir='ltr'><strong>excusum</strong></span> <span class='ocrx_word' id='word_1_144' title='bbox 1525 1471 1687 1522; x_wconf 82' lang='lat' dir='ltr'><strong>fertur.</strong></span> 
     </span>
    </p>
   </div>
   <div class='ocr_carea' id='block_1_5' title="bbox 438 411 643 426">
    <p class='ocr_par' dir='ltr' id='par_1_5' title="bbox 438 411 643 426">
     <span class='ocr_line' id='line_1_19' title="bbox 438 411 643 426; baseline 0 3366"><span class='ocrx_word' id='word_1_145' title='bbox 438 411 643 426; x_wconf 95' lang='lat' dir='ltr'><strong> </strong></span> 
     </span>
    </p>
   </div>
   <div class='ocr_carea' id='block_1_6' title="bbox 442 553 646 570">
    <p class='ocr_par' dir='ltr' id='par_1_6' title="bbox 442 553 646 570">
     <span class='ocr_line' id='line_1_20' title="bbox 442 553 646 570; baseline 0 3222"><span class='ocrx_word' id='word_1_146' title='bbox 442 553 646 570; x_wconf 95' lang='lat' dir='ltr'><strong> </strong></span> 
     </span>
    </p>
   </div>
   <div class='ocr_carea' id='block_1_7' title="bbox 544 1642 1951 1713">
    <p class='ocr_par' dir='ltr' id='par_1_7' title="bbox 544 1642 1951 1713">
     <span class='ocr_line' id='line_1_21' title="bbox 544 1642 1951 1713; baseline -0.003 -14"><span class='ocrx_word' id='word_1_147' title='bbox 544 1645 755 1699; x_wconf 74' lang='lat' dir='ltr'><strong>AETAS</strong></span> <span class='ocrx_word' id='word_1_148' title='bbox 813 1642 923 1708; x_wconf 85' lang='lat' dir='ltr'><strong>IV,</strong></span> <span class='ocrx_word' id='word_1_149' title='bbox 980 1647 1335 1713; x_wconf 85' lang='lat'>1636—-1717</span> <span class='ocrx_word' id='word_1_150' title='bbox 1387 1645 1863 1696; x_wconf 87' lang='lat' dir='ltr'><em>HEINSIANA</em></span> <span class='ocrx_word' id='word_1_151' title='bbox 1913 1645 1951 1696; x_wconf 74' lang='lat' dir='ltr'><strong>l&#39;.</strong></span> 
     </span>
    </p>
   </div>
   <div class='ocr_carea' id='block_1_8' title="bbox 445 1791 2054 3205">
    <p class='ocr_par' dir='ltr' id='par_1_8' title="bbox 445 1791 2054 3205">
     <span class='ocr_line' id='line_1_22' title="bbox 445 1791 2051 1856; baseline -0.001 -12"><span class='ocrx_word' id='word_1_152' title='bbox 445 1809 476 1844; x_wconf 63' lang='lat' dir='ltr'><strong>⁴a</strong></span> <span class='ocrx_word' id='word_1_153' title='bbox 524 1793 784 1844; x_wconf 79' lang='lat' dir='ltr'><strong>duumviris</strong></span> <span class='ocrx_word' id='word_1_154' title='bbox 804 1830 816 1854; x_wconf 85' lang='lat'>,</span> <span class='ocrx_word' id='word_1_155' title='bbox 862 1801 995 1856; x_wconf 87' lang='lat' dir='ltr'><strong>patre</strong></span> <span class='ocrx_word' id='word_1_156' title='bbox 1032 1793 1227 1841; x_wconf 83' lang='lat' dir='ltr'><strong>Daniele</strong></span> <span class='ocrx_word' id='word_1_157' title='bbox 1269 1795 1314 1843; x_wconf 63' lang='grc' dir='ltr'><strong>ὃς</strong></span> <span class='ocrx_word' id='word_1_158' title='bbox 1346 1791 1444 1842; x_wconf 90' lang='lat' dir='ltr'><strong>filio</strong></span> <span class='ocrx_word' id='word_1_159' title='bbox 1487 1793 1712 1852; x_wconf 78' lang='lat' dir='ltr'><strong>Nicola0‚</strong></span> <span class='ocrx_word' id='word_1_160' title='bbox 1755 1792 2019 1843; x_wconf 80' lang='lat' dir='ltr'>HEINSHS</span> <span class='ocrx_word' id='word_1_161' title='bbox 2036 1829 2051 1851; x_wconf 96' lang='lat'><strong>‚</strong></span> 
     </span>
     <span class='ocr_line' id='line_1_23' title="bbox 650 1858 2050 1926; baseline -0.002 -17"><span class='ocrx_word' id='word_1_162' title='bbox 650 1876 858 1926; x_wconf 80' lang='lat' dir='ltr'><strong>quorum</strong></span> <span class='ocrx_word' id='word_1_163' title='bbox 888 1860 969 1908; x_wconf 86' lang='lat' dir='ltr'><strong>ille</strong></span> <span class='ocrx_word' id='word_1_164' title='bbox 994 1860 1043 1907; x_wconf 89' lang='lat' dir='ltr'><strong>in</strong></span> <span class='ocrx_word' id='word_1_165' title='bbox 1076 1860 1380 1908; x_wconf 84' lang='lat' dir='ltr'><strong>emendando</strong></span> <span class='ocrx_word' id='word_1_166' title='bbox 1413 1858 1596 1921; x_wconf 88' lang='lat' dir='ltr'>Virgilii</span> <span class='ocrx_word' id='word_1_167' title='bbox 1618 1869 1751 1907; x_wconf 82' lang='lat' dir='ltr'><strong>textu</strong></span> <span class='ocrx_word' id='word_1_168' title='bbox 1784 1858 1899 1907; x_wconf 87' lang='lat' dir='ltr'><strong>huic</strong></span> <span class='ocrx_word' id='word_1_169' title='bbox 1934 1876 2050 1922; x_wconf 85' lang='lat' dir='ltr'><strong>pro-</strong></span> 
     </span>
     <span class='ocr_line' id='line_1_24' title="bbox 647 1924 2047 1990; baseline 0 -14"><span class='ocrx_word' id='word_1_170' title='bbox 647 1928 821 1977; x_wconf 80' lang='lat' dir='ltr'><strong>ludens</strong></span> <span class='ocrx_word' id='word_1_171' title='bbox 855 1943 940 1990; x_wconf 91' lang='lat' dir='ltr'><strong>per</strong></span> <span class='ocrx_word' id='word_1_172' title='bbox 971 1926 1188 1976; x_wconf 86' lang='lat' dir='ltr'>XXVIII</span> <span class='ocrx_word' id='word_1_173' title='bbox 1218 1942 1366 1975; x_wconf 88' lang='lat' dir='ltr'><strong>annos</strong></span> <span class='ocrx_word' id='word_1_174' title='bbox 1387 1963 1401 1985; x_wconf 74' lang='lat'>,</span> <span class='ocrx_word' id='word_1_175' title='bbox 1439 1926 1582 1974; x_wconf 87' lang='lat' dir='ltr'><strong>etiam</strong></span> <span class='ocrx_word' id='word_1_176' title='bbox 1618 1926 1667 1973; x_wconf 90' lang='lat' dir='ltr'><strong>in</strong></span> <span class='ocrx_word' id='word_1_177' title='bbox 1701 1924 2047 1976; x_wconf 76' lang='lat' dir='ltr'><strong>Schrevelianis</strong></span> 
     </span>
     <span class='ocr_line' id='line_1_25' title="bbox 650 1991 2050 2057; baseline -0.003 -13"><span class='ocrx_word' id='word_1_178' title='bbox 650 1994 862 2045; x_wconf 81' lang='lat' dir='ltr'><strong>obtinuit</strong></span> <span class='ocrx_word' id='word_1_179' title='bbox 878 2032 892 2050; x_wconf 94' lang='lat'><em>,</em></span> <span class='ocrx_word' id='word_1_180' title='bbox 914 1994 1239 2056; x_wconf 85' lang='lat' dir='ltr'><strong>principatum</strong></span> <span class='ocrx_word' id='word_1_181' title='bbox 1269 1991 1517 2042; x_wconf 58' lang='lat' dir='ltr'><strong>relic‘turus</strong></span> <span class='ocrx_word' id='word_1_182' title='bbox 1547 1993 1741 2057; x_wconf 77' lang='lat' dir='ltr'><strong>Nicolao</strong></span> <span class='ocrx_word' id='word_1_183' title='bbox 1761 2031 1774 2052; x_wconf 88' lang='lat'><strong>‚</strong></span> <span class='ocrx_word' id='word_1_184' title='bbox 1805 1992 1904 2042; x_wconf 85' lang='lat' dir='ltr'><strong>filio</strong></span> <span class='ocrx_word' id='word_1_185' title='bbox 1921 2031 1936 2054; x_wconf 79' lang='grc'><em>,</em></span> <span class='ocrx_word' id='word_1_186' title='bbox 1968 1994 2050 2055; x_wconf 85' lang='lat' dir='ltr'><strong>qui</strong></span> 
     </span>
     <span class='ocr_line' id='line_1_26' title="bbox 650 2056 2051 2127; baseline -0.001 -17"><span class='ocrx_word' id='word_1_187' title='bbox 650 2063 806 2127; x_wconf 84' lang='lat' dir='ltr'><strong>poetis</strong></span> <span class='ocrx_word' id='word_1_188' title='bbox 839 2061 1066 2111; x_wconf 87' lang='lat' dir='ltr'><strong>Romanis</strong></span> <span class='ocrx_word' id='word_1_189' title='bbox 1094 2058 1345 2122; x_wconf 83' lang='lat' dir='ltr'><strong>sospitator</strong></span> <span class='ocrx_word' id='word_1_190' title='bbox 1368 2056 1603 2108; x_wconf 75' lang='lat' dir='ltr'><strong>acceffiffe</strong></span> <span class='ocrx_word' id='word_1_191' title='bbox 1630 2057 1896 2109; x_wconf 87' lang='lat' dir='ltr'><strong>celebratur</strong></span> <span class='ocrx_word' id='word_1_192' title='bbox 1914 2097 1929 2120; x_wconf 91' lang='lat'>‚</span> <span class='ocrx_word' id='word_1_193' title='bbox 1966 2076 2051 2122; x_wconf 86' lang='lat' dir='ltr'><strong>per</strong></span> 
     </span>
     <span class='ocr_line' id='line_1_27' title="bbox 647 2125 2053 2189; baseline -0.004 -8"><span class='ocrx_word' id='word_1_194' title='bbox 647 2130 807 2181; x_wconf 77' lang='lat' dir='ltr'><strong>XXX</strong></span> <span class='ocrx_word' id='word_1_195' title='bbox 842 2128 941 2176; x_wconf 71' lang='lat' dir='ltr'><strong>Fere</strong></span> <span class='ocrx_word' id='word_1_196' title='bbox 975 2143 1124 2176; x_wconf 84' lang='lat' dir='ltr'><strong>annos</strong></span> <span class='ocrx_word' id='word_1_197' title='bbox 1162 2127 1212 2174; x_wconf 89' lang='lat' dir='ltr'><strong>in</strong></span> <span class='ocrx_word' id='word_1_198' title='bbox 1247 2125 1537 2175; x_wconf 88' lang='lat' dir='ltr'><strong>recensendo</strong></span> <span class='ocrx_word' id='word_1_199' title='bbox 1570 2125 1752 2189; x_wconf 83' lang='lat' dir='ltr'><strong>Virgilii</strong></span> <span class='ocrx_word' id='word_1_200' title='bbox 1786 2136 1922 2175; x_wconf 81' lang='lat' dir='ltr'><strong>textu</strong></span> <span class='ocrx_word' id='word_1_201' title='bbox 1946 2143 2053 2175; x_wconf 85' lang='lat' dir='ltr'><strong>ver·</strong></span> 
     </span>
     <span class='ocr_line' id='line_1_28' title="bbox 646 2192 2048 2260; baseline -0.002 -14"><span class='ocrx_word' id='word_1_202' title='bbox 646 2197 773 2246; x_wconf 86' lang='lat' dir='ltr'><strong>satus</strong></span> <span class='ocrx_word' id='word_1_203' title='bbox 795 2235 808 2255; x_wconf 83' lang='lat'>‚</span> <span class='ocrx_word' id='word_1_204' title='bbox 838 2196 991 2258; x_wconf 85' lang='lat' dir='ltr'><strong>prima</strong></span> <span class='ocrx_word' id='word_1_205' title='bbox 1018 2192 1375 2260; x_wconf 74' lang='lat' dir='ltr'><strong>recensioneab</strong></span> <span class='ocrx_word' id='word_1_206' title='bbox 1412 2211 1486 2243; x_wconf 88' lang='lat' dir='ltr'><strong>an.</strong></span> <span class='ocrx_word' id='word_1_207' title='bbox 1530 2193 1683 2253; x_wconf 83' lang='lat'>1664,</span> <span class='ocrx_word' id='word_1_208' title='bbox 1719 2192 1867 2243; x_wconf 89' lang='lat' dir='ltr'><strong>altera</strong></span> <span class='ocrx_word' id='word_1_209' title='bbox 1898 2210 2048 2258; x_wconf 86' lang='lat' dir='ltr'><strong>eaque</strong></span> 
     </span>
     <span class='ocr_line' id='line_1_29' title="bbox 646 2259 2051 2328; baseline -0.001 -16"><span class='ocrx_word' id='word_1_210' title='bbox 646 2266 836 2328; x_wconf 50' lang='lat' dir='ltr'><strong>peracia</strong></span> <span class='ocrx_word' id='word_1_211' title='bbox 857 2279 914 2312; x_wconf 78' lang='lat' dir='ltr'><strong>ex</strong></span> <span class='ocrx_word' id='word_1_212' title='bbox 944 2259 1102 2311; x_wconf 87' lang='lat' dir='ltr'><strong>Codd.</strong></span> <span class='ocrx_word' id='word_1_213' title='bbox 1124 2259 1449 2324; x_wconf 81' lang='lat' dir='ltr'><strong>antiquiffimis</strong></span> <span class='ocrx_word' id='word_1_214' title='bbox 1478 2263 1522 2311; x_wconf 68' lang='grc' dir='ltr'>ἃ</span> <span class='ocrx_word' id='word_1_215' title='bbox 1541 2260 1777 2309; x_wconf 86' lang='lat' dir='ltr'><strong>veteribus</strong></span> <span class='ocrx_word' id='word_1_216' title='bbox 1808 2262 2051 2311; x_wconf 47' lang='lat' dir='ltr'><strong>Gramma*</strong></span> 
     </span>
     <span class='ocr_line' id='line_1_30' title="bbox 646 2326 2053 2393; baseline -0.002 -13"><span class='ocrx_word' id='word_1_217' title='bbox 646 2331 754 2380; x_wconf 86' lang='lat' dir='ltr'><strong>ticis</strong></span> <span class='ocrx_word' id='word_1_218' title='bbox 773 2369 786 2390; x_wconf 74' lang='grc'><em>,</em></span> <span class='ocrx_word' id='word_1_219' title='bbox 808 2331 1020 2393; x_wconf 84' lang='lat' dir='ltr'><strong>quamvis</strong></span> <span class='ocrx_word' id='word_1_220' title='bbox 1050 2329 1149 2392; x_wconf 80' lang='lat' dir='ltr'><strong>ipse</strong></span> <span class='ocrx_word' id='word_1_221' title='bbox 1169 2327 1272 2378; x_wconf 84' lang='lat' dir='ltr'><strong>suas</strong></span> <span class='ocrx_word' id='word_1_222' title='bbox 1300 2330 1350 2377; x_wconf 89' lang='lat' dir='ltr'><strong>in</strong></span> <span class='ocrx_word' id='word_1_223' title='bbox 1372 2329 1627 2379; x_wconf 80' lang='lat' dir='ltr'><strong>Maronem</strong></span> <span class='ocrx_word' id='word_1_224' title='bbox 1648 2326 1778 2379; x_wconf 79' lang='lat' dir='ltr'><strong>Obff.</strong></span> <span class='ocrx_word' id='word_1_225' title='bbox 1804 2345 1903 2378; x_wconf 89' lang='lat' dir='ltr'><strong>non</strong></span> <span class='ocrx_word' id='word_1_226' title='bbox 1930 2329 2053 2392; x_wconf 80' lang='lat' dir='ltr'><strong>pub-</strong></span> 
     </span>
     <span class='ocr_line' id='line_1_31' title="bbox 644 2395 2050 2461; baseline -0.002 -13"><span class='ocrx_word' id='word_1_227' title='bbox 644 2397 842 2458; x_wconf 74' lang='lat' dir='ltr'><strong>licasset,</strong></span> <span class='ocrx_word' id='word_1_228' title='bbox 858 2397 1042 2447; x_wconf 66' lang='lat' dir='ltr'><strong>relictas</strong></span> <span class='ocrx_word' id='word_1_229' title='bbox 1064 2397 1259 2460; x_wconf 86' lang='lat' dir='ltr'><strong>posterae</strong></span> <span class='ocrx_word' id='word_1_230' title='bbox 1276 2396 1420 2457; x_wconf 82' lang='lat' dir='ltr'><strong>aetati,</strong></span> <span class='ocrx_word' id='word_1_231' title='bbox 1440 2395 1622 2461; x_wconf 83' lang='lat' dir='ltr'><strong>praeivit</strong></span> <span class='ocrx_word' id='word_1_232' title='bbox 1646 2396 1885 2457; x_wconf 75' lang='lat' dir='ltr'><strong>omnibus,</strong></span> <span class='ocrx_word' id='word_1_233' title='bbox 1905 2397 2050 2446; x_wconf 84' lang='lat' dir='ltr'><strong>etiam</strong></span> 
     </span>
     <span class='ocr_line' id='line_1_32' title="bbox 647 2460 2049 2531; baseline -0.001 -17"><span class='ocrx_word' id='word_1_234' title='bbox 647 2467 750 2527; x_wconf 61' lang='lat' dir='ltr'><strong>jac.</strong></span> <span class='ocrx_word' id='word_1_235' title='bbox 791 2464 1097 2528; x_wconf 81' lang='lat' dir='ltr'><strong>Emmeneffio,</strong></span> <span class='ocrx_word' id='word_1_236' title='bbox 1148 2467 1455 2531; x_wconf 75' lang='lat' dir='ltr'><strong>Lauglztonum</strong></span> <span class='ocrx_word' id='word_1_237' title='bbox 1497 2460 1812 2514; x_wconf 79' lang='lat' dir='ltr'><strong>Tonsonianae</strong></span> <span class='ocrx_word' id='word_1_238' title='bbox 1860 2475 2049 2514; x_wconf 87' lang='lat' dir='ltr'><strong>curato-</strong></span> 
     </span>
     <span class='ocr_line' id='line_1_33' title="bbox 647 2531 2047 2596; baseline -0.001 -15"><span class='ocrx_word' id='word_1_239' title='bbox 647 2550 749 2582; x_wconf 88' lang='lat' dir='ltr'><strong>rem</strong></span> <span class='ocrx_word' id='word_1_240' title='bbox 767 2571 781 2593; x_wconf 75' lang='grc'><em>,</em></span> <span class='ocrx_word' id='word_1_241' title='bbox 808 2533 1062 2596; x_wconf 87' lang='lat' dir='ltr'><strong>reperienti</strong></span> <span class='ocrx_word' id='word_1_242' title='bbox 1086 2531 1303 2581; x_wconf 81' lang='lat' dir='ltr'><strong>affeclam</strong></span> <span class='ocrx_word' id='word_1_243' title='bbox 1321 2569 1334 2591; x_wconf 82' lang='lat'>,</span> <span class='ocrx_word' id='word_1_244' title='bbox 1357 2534 1402 2582; x_wconf 62' lang='grc' dir='ltr'><strong>ἃ</strong></span> <span class='ocrx_word' id='word_1_245' title='bbox 1434 2532 1535 2581; x_wconf 86' lang='lat' dir='ltr'><strong>Car.</strong></span> <span class='ocrx_word' id='word_1_246' title='bbox 1565 2535 1716 2581; x_wconf 80' lang='lat' dir='ltr'><strong>Ruaeo</strong></span> <span class='ocrx_word' id='word_1_247' title='bbox 1738 2532 1782 2582; x_wconf 84' lang='lat' dir='ltr'><strong>S.</strong></span> <span class='ocrx_word' id='word_1_248' title='bbox 1817 2531 1861 2592; x_wconf 85' lang='lat' dir='ltr'><strong>J.</strong></span> <span class='ocrx_word' id='word_1_249' title='bbox 1893 2534 1941 2580; x_wconf 88' lang='lat' dir='ltr'><strong>in</strong></span> <span class='ocrx_word' id='word_1_250' title='bbox 1972 2535 2047 2581; x_wconf 81' lang='lat' dir='ltr'><strong>ed.</strong></span> 
     </span>
     <span class='ocr_line' id='line_1_34' title="bbox 649 2598 2051 2663; baseline -0.002 -12"><span class='ocrx_word' id='word_1_251' title='bbox 649 2599 698 2652; x_wconf 86' lang='grc' dir='ltr'>Π</span> <span class='ocrx_word' id='word_1_252' title='bbox 730 2600 852 2650; x_wconf 83' lang='lat'>1682</span> <span class='ocrx_word' id='word_1_253' title='bbox 880 2601 932 2648; x_wconf 87' lang='lat' dir='ltr'><strong>in</strong></span> <span class='ocrx_word' id='word_1_254' title='bbox 956 2599 1094 2648; x_wconf 89' lang='lat' dir='ltr'><strong>usum</strong></span> <span class='ocrx_word' id='word_1_255' title='bbox 1119 2598 1345 2663; x_wconf 89' lang='lat' dir='ltr'><strong>Delphini</strong></span> <span class='ocrx_word' id='word_1_256' title='bbox 1372 2599 1539 2663; x_wconf 65' lang='lat' dir='ltr'><strong>saepius</strong></span> <span class='ocrx_word' id='word_1_257' title='bbox 1565 2600 1676 2648; x_wconf 84' lang='lat' dir='ltr'><strong>dein</strong></span> <span class='ocrx_word' id='word_1_258' title='bbox 1700 2600 1912 2662; x_wconf 87' lang='lat' dir='ltr'><strong>repetita.</strong></span> <span class='ocrx_word' id='word_1_259' title='bbox 1949 2601 2051 2649; x_wconf 89' lang='lat' dir='ltr'><strong>No-</strong></span> 
     </span>
     <span class='ocr_line' id='line_1_35' title="bbox 649 2667 2050 2731; baseline -0.001 -13"><span class='ocrx_word' id='word_1_260' title='bbox 649 2684 731 2718; x_wconf 85' lang='lat' dir='ltr'><strong>vas</strong></span> <span class='ocrx_word' id='word_1_261' title='bbox 758 2668 1021 2718; x_wconf 84' lang='lat' dir='ltr'><strong>Heinfianae</strong></span> <span class='ocrx_word' id='word_1_262' title='bbox 1048 2667 1252 2731; x_wconf 85' lang='lat' dir='ltr'><strong>principi</strong></span> <span class='ocrx_word' id='word_1_263' title='bbox 1284 2684 1360 2716; x_wconf 91' lang='lat' dir='ltr'><strong>an.</strong></span> <span class='ocrx_word' id='word_1_264' title='bbox 1394 2668 1519 2728; x_wconf 89' lang='grc'>1676</span> <span class='ocrx_word' id='word_1_265' title='bbox 1549 2667 1687 2715; x_wconf 82' lang='lat' dir='ltr'><strong>nobis</strong></span> <span class='ocrx_word' id='word_1_266' title='bbox 1719 2667 1788 2716; x_wconf 86' lang='grc' dir='ltr'><strong>ΠΙ</strong></span> <span class='ocrx_word' id='word_1_267' title='bbox 1814 2681 1951 2717; x_wconf 87' lang='lat' dir='ltr'><strong>curas</strong></span> <span class='ocrx_word' id='word_1_268' title='bbox 1982 2679 2050 2716; x_wconf 76' lang='lat' dir='ltr'><strong>at=</strong></span> 
     </span>
     <span class='ocr_line' id='line_1_36' title="bbox 649 2733 2054 2798; baseline -0.002 -14"><span class='ocrx_word' id='word_1_269' title='bbox 649 2734 764 2784; x_wconf 75' lang='lat' dir='ltr'><strong>tulit</strong></span> <span class='ocrx_word' id='word_1_270' title='bbox 792 2737 835 2784; x_wconf 83' lang='lat' dir='ltr'><strong>P.</strong></span> <span class='ocrx_word' id='word_1_271' title='bbox 856 2736 1153 2786; x_wconf 86' lang='lat' dir='ltr'><strong>Burmannus</strong></span> <span class='ocrx_word' id='word_1_272' title='bbox 1179 2752 1254 2784; x_wconf 90' lang='lat' dir='ltr'><strong>an.</strong></span> <span class='ocrx_word' id='word_1_273' title='bbox 1287 2752 1424 2798; x_wconf 84' lang='lat'><strong>1704.</strong></span> <span class='ocrx_word' id='word_1_274' title='bbox 1453 2736 1622 2785; x_wconf 83' lang='lat' dir='ltr'><strong>Praeter</strong></span> <span class='ocrx_word' id='word_1_275' title='bbox 1638 2733 1726 2783; x_wconf 89' lang='lat' dir='ltr'><strong>hos</strong></span> <span class='ocrx_word' id='word_1_276' title='bbox 1751 2734 1871 2784; x_wconf 84' lang='lat' dir='ltr'><strong>Tan.</strong></span> <span class='ocrx_word' id='word_1_277' title='bbox 1895 2737 2054 2794; x_wconf 77' lang='lat' dir='ltr'><strong>Faber,</strong></span> 
     </span>
     <span class='ocr_line' id='line_1_37' title="bbox 648 2800 2050 2862; baseline -0.003 -9"><span class='ocrx_word' id='word_1_278' title='bbox 648 2801 806 2853; x_wconf 82' lang='lat' dir='ltr'><strong>Mich.</strong></span> <span class='ocrx_word' id='word_1_279' title='bbox 827 2804 1140 2862; x_wconf 77' lang='lat' dir='ltr'><strong>Maittairius‚</strong></span> <span class='ocrx_word' id='word_1_280' title='bbox 1167 2805 1210 2851; x_wconf 70' lang='lat' dir='ltr'><strong>Sc</strong></span> <span class='ocrx_word' id='word_1_281' title='bbox 1232 2802 1396 2851; x_wconf 81' lang='lat' dir='ltr'><strong>FranC.</strong></span> <span class='ocrx_word' id='word_1_282' title='bbox 1423 2806 1612 2852; x_wconf 81' lang='lat' dir='ltr'><strong>Catroeus</strong></span> <span class='ocrx_word' id='word_1_283' title='bbox 1638 2800 1858 2850; x_wconf 87' lang='lat' dir='ltr'><strong>nonnihil</strong></span> <span class='ocrx_word' id='word_1_284' title='bbox 1882 2801 2050 2850; x_wconf 81' lang='lat' dir='ltr'><strong>attule-</strong></span> 
     </span>
     <span class='ocr_line' id='line_1_38' title="bbox 648 2867 2051 2933; baseline -0.002 -15"><span class='ocrx_word' id='word_1_285' title='bbox 648 2879 777 2920; x_wconf 85' lang='lat' dir='ltr'><strong>runt.</strong></span> <span class='ocrx_word' id='word_1_286' title='bbox 807 2867 879 2920; x_wconf 89' lang='lat' dir='ltr'><strong>De</strong></span> <span class='ocrx_word' id='word_1_287' title='bbox 907 2871 1068 2920; x_wconf 83' lang='lat' dir='ltr'><strong>Servio</strong></span> <span class='ocrx_word' id='word_1_288' title='bbox 1095 2870 1199 2933; x_wconf 88' lang='lat' dir='ltr'><strong>post</strong></span> <span class='ocrx_word' id='word_1_289' title='bbox 1230 2870 1372 2919; x_wconf 89' lang='lat' dir='ltr'><strong>Corn.</strong></span> <span class='ocrx_word' id='word_1_290' title='bbox 1399 2869 1688 2917; x_wconf 77' lang='lat' dir='ltr'><strong>Schrevelium</strong></span> <span class='ocrx_word' id='word_1_291' title='bbox 1713 2868 2051 2918; x_wconf 75' lang='lat' dir='ltr'><strong>Commelinia-</strong></span> 
     </span>
     <span class='ocr_line' id='line_1_39' title="bbox 648 2936 2047 3000; baseline -0.002 -14"><span class='ocrx_word' id='word_1_292' title='bbox 648 2954 722 2986; x_wconf 80' lang='lat' dir='ltr'><strong>nae</strong></span> <span class='ocrx_word' id='word_1_293' title='bbox 757 2948 1025 2986; x_wconf 84' lang='lat' dir='ltr'><strong>curatorem</strong></span> <span class='ocrx_word' id='word_1_294' title='bbox 1057 2937 1157 2997; x_wconf 88' lang='lat' dir='ltr'><strong>Jac.</strong></span> <span class='ocrx_word' id='word_1_295' title='bbox 1189 2936 1494 3000; x_wconf 78' lang='lat' dir='ltr'><strong>Emmeneffius</strong></span> <span class='ocrx_word' id='word_1_296' title='bbox 1521 2936 1644 2985; x_wconf 89' lang='lat' dir='ltr'><strong>bene</strong></span> <span class='ocrx_word' id='word_1_297' title='bbox 1670 2937 1838 2987; x_wconf 87' lang='lat' dir='ltr'><strong>mereri</strong></span> <span class='ocrx_word' id='word_1_298' title='bbox 1856 2936 2047 2984; x_wconf 81' lang='lat' dir='ltr'><strong>studuit.</strong></span> 
     </span>
     <span class='ocr_line' id='line_1_40' title="bbox 648 3002 2051 3067; baseline -0.003 -13"><span class='ocrx_word' id='word_1_299' title='bbox 648 3005 754 3054; x_wconf 81' lang='lat' dir='ltr'><strong>Post</strong></span> <span class='ocrx_word' id='word_1_300' title='bbox 769 3006 841 3065; x_wconf 79' lang='lat' dir='ltr'><strong>Jo,</strong></span> <span class='ocrx_word' id='word_1_301' title='bbox 858 3006 1120 3053; x_wconf 76' lang='lat' dir='ltr'><strong>Farnabium</strong></span> <span class='ocrx_word' id='word_1_302' title='bbox 1147 3005 1454 3067; x_wconf 85' lang='lat' dir='ltr'><strong>interpretem</strong></span> <span class='ocrx_word' id='word_1_303' title='bbox 1472 3003 1584 3053; x_wconf 88' lang='lat' dir='ltr'><strong>huic</strong></span> <span class='ocrx_word' id='word_1_304' title='bbox 1606 3004 1812 3053; x_wconf 79' lang='lat' dir='ltr'><strong>maxime</strong></span> <span class='ocrx_word' id='word_1_305' title='bbox 1831 3003 1959 3052; x_wconf 84' lang='lat' dir='ltr'><strong>aetati</strong></span> <span class='ocrx_word' id='word_1_306' title='bbox 1983 3002 2051 3051; x_wconf 78' lang='lat' dir='ltr'><strong>fa-</strong></span> 
     </span>
     <span class='ocr_line' id='line_1_41' title="bbox 651 3070 2048 3135; baseline -0.001 -17"><span class='ocrx_word' id='word_1_307' title='bbox 651 3072 914 3133; x_wconf 85' lang='lat' dir='ltr'><strong>miliarem,</strong></span> <span class='ocrx_word' id='word_1_308' title='bbox 936 3073 1016 3135; x_wconf 84' lang='lat' dir='ltr'><strong>qui</strong></span> <span class='ocrx_word' id='word_1_309' title='bbox 1040 3073 1186 3121; x_wconf 88' lang='lat' dir='ltr'><strong>etiam</strong></span> <span class='ocrx_word' id='word_1_310' title='bbox 1214 3073 1262 3119; x_wconf 92' lang='lat' dir='ltr'><strong>in</strong></span> <span class='ocrx_word' id='word_1_311' title='bbox 1289 3071 1548 3122; x_wconf 75' lang='lat' dir='ltr'><strong>Hackianis</strong></span> <span class='ocrx_word' id='word_1_312' title='bbox 1577 3070 1836 3121; x_wconf 83' lang='lat' dir='ltr'><strong>Schrevelii</strong></span> <span class='ocrx_word' id='word_1_313' title='bbox 1860 3080 2048 3132; x_wconf 82' lang='lat' dir='ltr'><strong>regnat,</strong></span> 
     </span>
     <span class='ocr_line' id='line_1_42' title="bbox 657 3136 2045 3205; baseline -0.001 -17"><span class='ocrx_word' id='word_1_314' title='bbox 657 3140 699 3188; x_wconf 62' lang='grc' dir='ltr'>ἃ</span> <span class='ocrx_word' id='word_1_315' title='bbox 722 3140 828 3190; x_wconf 82' lang='lat' dir='ltr'><strong>Nic,</strong></span> <span class='ocrx_word' id='word_1_316' title='bbox 851 3142 1090 3192; x_wconf 71' lang='lat' dir='ltr'><strong>Abramum</strong></span> <span class='ocrx_word' id='word_1_317' title='bbox 1107 3179 1122 3205; x_wconf 84' lang='lat'><strong>,</strong></span> <span class='ocrx_word' id='word_1_318' title='bbox 1142 3140 1355 3204; x_wconf 79' lang='lat' dir='ltr'><strong>itemque</strong></span> <span class='ocrx_word' id='word_1_319' title='bbox 1381 3140 1634 3193; x_wconf 66' lang='lat' dir='ltr'><strong>Juvencium</strong></span> <span class='ocrx_word' id='word_1_320' title='bbox 1661 3138 1843 3190; x_wconf 81' lang='lat' dir='ltr'><strong>invenit</strong></span> <span class='ocrx_word' id='word_1_321' title='bbox 1865 3136 2045 3198; x_wconf 70' lang='grc' dir='ltr'><strong>Γοοῖοε,</strong></span> 
     </span>
    </p>
   </div>
  </div>
 </body>
</html>
