2165 3792
452 185 519 243 P.
607 178 981 240 VJRGJL
1013 183 1094 238 ι]
1178 184 1495 265 clam.

177 323 438 404 Cecropius
462 323 620 381 suaves
646 321 882 402 exspirans
903 320 1115 378 hortulus
1141 326 1274 378 auras

175 418 410 478 Florentis
432 415 568 476 viridi
597 415 788 496 Sophiae
809 414 1135 493 compleffitur
1158 413 1349 471 umbra:

176 512 301 569 Num
321 534 420 569 mea
442 528 618 589 quaeret
638 532 699 567 eo
724 508 914 584 dignum
937 506 1018 563 fibi
1046 529 1254 586 quaerere
1278 513 1501 563 carmen?

176 598 344 678 Longe
363 598 486 656 aliud
512 596 704 656 studium
725 641 740 662 ,
765 618 904 675 atque
926 593 1045 652 alios
1067 594 1271 652 adcinEla
1293 594 1477 652 labores
1493 633 1512 662 ,

175 685 328 749 Altius
349 689 406 747 ad
428 689 583 769 magni
605 686 842 766 suspendit
863 686 1007 744 sidera
1029 686 1186 743 mundi
1205 726 1222 754 ‚

176 778 237 838 Et
260 779 478 860 placitum
500 776 654 857 paucis
676 776 781 834 ausa
805 775 866 834 est
890 776 1173 839 adscendere
1200 771 1404 834 collem:

177 867 294 930 Non
320 890 469 928 tamen
493 867 693 926 absistam
716 887 922 948 coeptum
951 869 1174 926 detexere
1200 890 1382 926 munus.

177 964 229 1020 In
254 985 349 1041 quo
373 963 472 1040 jure
495 983 618 1018 meas
643 960 815 1018 utinam
842 960 1138 1038 requiescere
1161 959 1318 1017 Musas
1336 1001 1354 1028 ‚

180 1055 240 1112 Et
261 1053 428 1113 leviter
448 1053 668 1111 blandum
690 1050 826 1111 liceat
851 1054 1096 1133 deponere
1116 1075 1312 1110 morem.

178 1146 329 1221 Quod
347 1139 378 1202 si
404 1145 645 1203 mirificum
671 1144 883 1224 proferre
905 1144 1062 1202 valent
1088 1166 1231 1223 genus
1258 1164 1424 1201 omnes

177 1237 433 1297 Mirificum
458 1239 596 1306 secli,
621 1239 769 1295 modo
796 1237 848 1295 fit
870 1236 953 1294 tibi
977 1238 1097 1296 velle
1124 1236 1310 1305 libido;

182 1331 231 1388 Si
253 1355 328 1390 me
352 1334 442 1409 jam
465 1332 636 1389 summa
657 1328 892 1410 Sapientia
914 1348 1142 1410 pangeret
1166 1352 1304 1396 arce,

181 1425 402 1498 Quatuor
423 1421 620 1500 antiquis
644 1442 748 1498 quae
770 1419 1017 1478 heredibus
1039 1421 1103 1478 est
1125 1420 1227 1477 data
1252 1417 1474 1478 consorsz

178 1513 315 1573 Unde
336 1514 574 1573 hominum
598 1535 780 1585 errores
802 1515 948 1593 longe
970 1515 1155 1593 lateque
1182 1537 1264 1593 per
1287 1515 1449 1571 orbem

177 1603 432 1685 Despicere
450 1650 466 1675 ‚
490 1624 628 1683 atque
654 1603 852 1662 humiles
877 1602 1055 1686 poss'em
1081 1625 1386 1664 contemnere
1407 1624 1564 1664 curas}

175 1693 293 1753 Non
318 1717 412 1776 ego
434 1714 481 1753 te
502 1695 639 1753 talem
662 1717 908 1753 venerarer
931 1719 1121 1754 munere
1142 1696 1220 1754 tali
1240 1722 1254 1763 ;

175 1791 290 1848 Non
315 1790 560 1871 equidem3
585 1789 789 1869 quamvis
811 1789 1039 1849 interdum
1064 1791 1224 1848 ludere
1248 1789 1417 1859 nobis3

179 1886 239 1940 Et
262 1883 478 1964 gracilem
502 1878 637 1942 molli
663 1882 798 1941 liceat
826 1882 949 1962 pede
972 1884 1186 1941 claudere
1210 1883 1427 1951 versumff,

177 1975 270 2032 Sed
291 1996 465 2055 magno
491 1975 735 2043 intexens,
757 1971 787 2032 fi
813 1975 876 2034 fas
895 1974 961 2033 est
985 1976 1144 2033 dicere
1161 2019 1177 2041 ,
1197 1975 1344 2055 peplo
1363 2018 1380 2044 ‚

177 2066 342 2143 Qualis
368 2066 624 2126 Erichtheis
649 2067 761 2126 olim
789 2087 999 2147 portatur
1023 2067 1215 2125 Athenis
1234 2111 1251 2132 ‚

177 2158 346 2217 Debita
371 2183 475 2218 cum
500 2161 629 2218 castae
654 2160 894 2219 solvuntur
921 2180 1036 2218 vota
1058 2159 1327 2227 Minervae‚

176 2252 389 2309 Tardave
411 2252 634 2311 consesto
659 2253 856 2311 redeunt
881 2251 1215 2333 Quinquennia
1237 2251 1411 2316 lustror

178 2343 302 2399 Cum
324 2337 441 2401 levis
467 2344 650 2401 alterno
674 2343 918 2423 Zephyrus
942 2341 1218 2402 concrebuit
1243 2344 1368 2397 Euro
1388 2382 1405 2407 9

179 2435 240 2490 Et
263 2455 420 2511 prono
448 2433 682 2512 gravidum
710 2434 930 2512 provexit
953 2435 1169 2514 pondere
1194 2431 1393 2489 cursum,

178 2523 310 2583 'Felix
334 2523 413 2583 ille
434 2524 531 2582 dies
548 2571 563 2594 ,
586 2524 700 2585 felix
724 2521 773 2583 &
798 2523 966 2582 dicitur
991 2546 1166 2581 annus:

177 2614 358 2674 Felices
376 2659 392 2681 ‚
417 2614 496 2694 qui
521 2615 658 2673 talem
680 2637 845 2672 annum
870 2614 1031 2672 videre
1051 2661 1066 2681 ‚
1086 2615 1322 2691 diemque.

180 2706 309 2787 Ergo
330 2706 542 2764 Palladiae
565 2727 780 2764 texuntur
802 2707 846 2763 iu
869 2706 1035 2764 ordine
1060 2728 1260 2786 pugnaret

182 2798 360 2877 Magna
385 2797 624 2878 Giganteis
650 2820 871 2856 ornantur
896 2798 1035 2878 pepla
1059 2794 1278 2876 tropaeis:

180 2889 383 2948 Horrida
408 2889 665 2969 sanguineo
690 2889 942 2971 pinguntur
967 2888 1133 2968 proelia
1155 2908 1327 2945 cocco„

182 2980 379 3039 Additur
404 3001 553 3038 aurata
573 2980 779 3059 dejek'tus
801 2979 989 3060 cuspide
1011 2978 1185 3058 Typho
1211 3022 1227 3044 ,

182 3071 280 3154 Qui
300 3070 427 3155 prius
452 3070 615 3135 Offaeis
640 3070 934 3133 consternens
956 3069 1125 3131 aethera
1149 3068 1262 3132 saxis
1282 3112 1300 3142 ‚

1304 3147 1411 3208 ΒΞ

1725 205 1801 265 19

1729 980 1799 1019 10

1714 1901 1791 1937 20

1719 2807 1792 2864 3o
