2165 3792
465 238 581 311 246
703 237 1159 294 NOTITIA
1231 237 1821 297 LJTERARJA

461 392 619 429 natus
634 413 652 443 ,
688 367 942 429 diversus
966 370 1035 428 ab
1058 374 1211 428 AElio
1238 374 1461 428 Donato
1480 412 1497 441 ,
1520 370 1583 428 &
1606 388 1675 427 eo
1698 367 1907 446 junior.
1928 366 2062 447 Ejus

458 465 731 522 habemus
771 464 957 543 primo
983 463 1174 521 Vitam
1198 461 1459 541 Virgilii,
1487 482 1611 540 quae
1652 460 1877 519 videtur
1918 483 2063 540 prae-

459 553 613 612 miffa
650 553 719 611 ab
749 573 818 610 eo
861 551 1017 610 fuiffe
1065 551 1482 612 commentariis
1519 550 1574 607 in
1619 551 1920 623 Bucolica,
1964 552 2064 632 qui

460 643 868 705 interciderunt
888 689 904 716 ‚
933 644 1131 701 deinde
1158 647 1376 700 Scholia
1406 647 1464 700 in
1489 646 1739 701 AEneida.
1787 645 1848 699 In
1881 643 2068 702 Servii

461 736 882 793 commentariis
917 735 1159 793 citantur
1194 753 1264 789 ex
1291 733 1531 790 Donato
1559 778 1573 804 ‚
1606 754 1729 811 quae
1762 733 2066 792 etiamnum

459 824 520 881 in
543 824 609 882 iis
637 828 930 904 leguntur,
957 821 1056 903 qui
1083 819 1189 877 soli
1217 834 1431 878 aetatem
1455 823 1719 880 tulerunt.
1746 825 1805 880 In
1833 822 2068 881 univer-

459 914 528 974 :fis
569 913 985 974 commentariis
1027 911 1083 968 id
1127 909 1239 989 agit
1277 911 1621 989 potiffimum
1645 959 1665 983 ‚
1693 929 1756 972 ut
1809 914 1932 970 vim
1975 915 2065 971 di·-

460 1011 625 1068 cendi
658 1013 720 1069 &
741 1008 1041 1067 artificium
1072 1005 1423 1064 rhetoricum
1448 1007 1508 1062 in
1529 1007 1753 1087 singulis
1780 1010 2068 1086 explanet,

461 1101 526 1157 δε
550 1098 711 1156 simul
729 1099 1129 1178 proprietatem
1159 1117 1371 1154 vocum
1397 1142 1414 1168 ‚
1441 1096 1710 1154 dele&um
1738 1118 1904 1177 atque
1928 1119 2079 1159 con*

458 1188 643 1247 silium
668 1192 730 1249 δε
755 1205 943 1247 motus
960 1234 976 1260 ,
1002 1185 1328 1264 affeEtusque
1354 1188 1416 1244 &
1436 1187 1654 1262 pondus
1677 1231 1694 1258 ‚
1718 1190 1780 1246 &
1804 1205 1856 1248 τὸ
1883 1200 2069 1265 πρέπον

459 1301 684 1338 morum
704 1327 719 1351 ‚
745 1281 862 1338 five
886 1326 903 1353 ,
941 1297 1002 1339 ut
1031 1282 1293 1339 Donatus
1320 1278 1562 1357 appellat
1578 1325 1595 1352 ,
1620 1284 1962 1338 moralitatem
1983 1297 2067 1336 ae·

454 1389 653 1430 ‘curate
696 1370 967 1429 servatam
1012 1394 1041 1430 a
1072 1386 1241 1450 poeta
1273 1370 1661 1443 demonstret,
1699 1387 1863 1451 atque
1907 1391 2069 1450 egre-

458 1463 608 1540 giam
634 1463 1027 1521 inventionem
1059 1484 1088 1520 a
1118 1462 1402 1540 principio
1437 1483 1537 1541 per
1571 1477 1755 1521 totum
1789 1483 1935 1541 opus
1963 1463 2068 1520 de-

459 1570 777 1612 currentem
817 1554 874 1609 in
900 1554 1093 1612 AEneae
1132 1552 1391 1611 laudibus
1429 1554 1498 1611 ad
1531 1554 1714 1614 Turni
1755 1552 1926 1633 usque
1966 1574 2070 1611 ne·-

457 1667 584 1704 cem
608 1645 994 1724 perducendis.
1020 1645 1330 1723 Scriptores
1355 1645 1544 1704 laudat
1579 1666 1807 1723 perraro
1840 1648 1902 1705 &
1926 1667 2068 1725 pau·-

457 1737 721 1796 ciffimos.
763 1738 916 1798 Libri
953 1738 1140 1818 quarti
1168 1741 1228 1797 ὅ(
1257 1739 1445 1797 οὲὶεινί
1479 1752 1660 1816 partes
1687 1753 1950 1796 extremae
1973 1738 2070 1797 de-

459 1828 768 1886 fiderantur
790 1874 807 1901 ‚
834 1828 1144 1887 &initium
1168 1827 1297 1885 libri
1322 1828 1460 1886 sexti
1489 1829 1544 1884 in
1574 1827 1767 1885 versus
1795 1828 2070 1904 primores

460 1932 689 1976 centum
725 1921 786 1977 δέ
811 1917 1277 1997 duodesexaginta
1304 1963 1322 1991 ,
1349 1921 1412 1978 &
1450 1918 1509 1975 in
1549 1918 1695 1976 libro
1728 1918 2070 1978 duodecimo

461 2028 492 2066 a
524 2007 665 2065 vers.
701 2010 833 2087 619.
881 2008 949 2066 ad
989 2009 1123 2081 664.
1162 2010 1224 2067 &
1255 2030 1287 2066 a
1323 2007 1465 2067 vers.
1505 2008 1639 2087 689.
1674 2009 1741 2065 ad
1778 2009 1912 2086 756.
1943 2010 2006 2068 &
2038 2029 2070 2066 a

462 2097 605 2157 vers.
657 2100 790 2174 780.
842 2101 911 2157 ad
953 2094 1084 2176 847.
1140 2099 1566 2177 Expofitionem
1605 2097 1753 2155 suam
1791 2097 1978 2156 divifit
2009 2098 2072 2156 in

460 2190 637 2248 libros
691 2190 988 2249 duodecim
1021 2237 1037 2264 ‚
1074 2189 1259 2270 eisque
1298 2188 1523 2247 tertium
1561 2189 1839 2247 decimum
1879 2187 2071 2247 voluit

463 2284 799 2363 subjungere
819 2330 836 2354 ,
873 2285 939 2342 de
962 2304 1081 2363 quo
1106 2284 1175 2341 ad
1203 2282 1298 2341 lib.
1326 2285 1429 2340 VII
1447 2327 1463 2354 ,
1488 2282 1625 2356 641.
1654 2279 1884 2338 Pandite
1916 2303 2070 2341 nunc

463 2376 746 2434 Hel³cona
768 2423 786 2448 ,
820 2378 997 2448 Deae,
1028 2374 1332 2454 cantusque
1359 2387 1590 2432 movete
1615 2372 1766 2454 (Qui
1798 2371 1948 2434 bello
1973 2394 2070 2431 ex-

462 2467 562 2526 citi
594 2469 772 2546 Reges
810 2467 973 2546 &C.)
1012 2470 1292 2545 Catalogus
1331 2470 1415 2551 iste
1441 2469 1559 2522 huic
1597 2467 2069 2540 interpretationum

462 2564 593 2617 libro
630 2585 737 2617 non
753 2561 933 2635 fuerat
956 2560 1249 2634 infirendus
1267 2582 1290 2627 ,-
1310 2561 1452 2614 nihil
1473 2560 1607 2613 enim
1641 2558 1791 2612 habet
1809 2557 1948 2630 quod
1976 2576 2069 2610 ar-

462 2654 672 2729 tificiose
719 2651 1058 2731 (ῥητορικῶς)
1098 2649 1268 2729 poffict
1298 2651 1490 2725 exponi
1523 2679 1600 2689 -—-
1637 2665 1807 2702 tamen
1847 2668 1910 2700 ne
1942 2647 2072 2720 quid

463 2750 593 2805 libro
615 2749 808 2821 deceaepi
840 2750 1078 2802 videntur
1095 2790 1115 2815 ,
1156 2749 1381 2800 dicemus
1404 2745 1581 2817 aliqua
1614 2738 1729 2811 ejus
1763 2762 1869 2795 uno
1900 2740 2068 2809 libro,

465 2838 552 2909 qui
581 2839 758 2892 certius
793 2839 1018 2891 decimus
1043 2838 1170 2904 erit,
1197 2855 1310 2890 cum
1336 2836 1494 2889 totius
1527 2834 1690 2905 operis
1718 2832 2070 2904 complexione

464 2928 647 2984 diduri
666 2972 682 2998 ‚
718 2948 777 2984 ut
808 2928 1018 3010 lzssoriae
1038 2951 1135 3002 per
1156 2928 1422 2982 duodecim
1458 2926 1614 2980 libros
1637 2922 1835 3003 sparfie
1862 2918 1914 2977 Θ
1942 2939 2068 2981 cete-

464 3039 554 3085 ra,
579 3039 683 3092 quai
703 3018 871 3093 supra
907 3016 1044 3073 dic-“Za
1079 3039 1185 3072 non
1197 3015 1328 3089 sunt
1351 3059 1370 3084 ,
1387 3013 1585 3092 poffi'nt
1616 3015 1867 3069 evidenter
1898 3032 2068 3085 appan

466 3126 579 3165 reret,
627 3108 689 3164 In
721 3104 970 3190 Epistola
995 3124 1170 3177 vero,
1203 3123 1327 3185 quae
1349 3102 1497 3161 libro
1527 3100 1871 3160 duodecimo
1896 3095 2067 3174 subjie
