2165 3792
743 181 1128 242 ³CIRIS.
1658 202 1734 266 29

131 313 192 374 Et
213 334 310 374 vox
330 311 410 372 ista
434 335 555 371 meas
579 313 783 371 nondum
801 315 1059 373 violaverat
1082 326 1229 372 aures.

133 409 266 465 Tene
293 406 423 465 etiam
450 409 650 462 Fortuna
675 403 785 462 mihi
810 406 1005 462 crudelis
1029 406 1236 463 ademit?

135 502 300 566 Tene,
327 523 356 556 o
378 497 475 555 sola
497 519 612 554 meae
638 496 828 554 vivendi
851 498 979 555 causa
1006 497 1232 555 seneclae?

139 593 274 669 Saepe
301 613 380 648 tuo
406 589 528 647 dulci
554 588 865 668 nequidquam
888 610 1016 669 capta
1039 589 1214 669 sopore
1232 632 1248 657 ‚
1635 614 1659 665 3
1681 610 1744 670 ις

139 682 260 737 Cum
286 699 514 760 premeret
540 700 696 737 natura
717 725 732 748 ,
754 679 875 737 mori
908 703 982 737 me
1009 680 1135 738 velle
1164 679 1370 759 negavi,

139 773 206 828 Ut
229 770 309 828 tibi
332 771 543 850 Corycio
571 772 880 851 glomerarem
903 770 1112 829 flammea
1134 771 1251 828 luto,

143 866 258 939 Quo
286 887 406 920 nunc
425 886 498 921 me
524 863 769 942 (infelix)
795 883 871 921 aut
895 886 1000 942 quae
1022 886 1095 920 me
1120 863 1319 922 Numina
1344 863 1559 924 servant?

146 961 218 1014 An
246 956 420 1026 nesci5‚
444 980 531 1036 qua
550 957 658 1036 lege
680 957 818 1036 patris
841 957 898 1013 de
922 954 1096 1015 vertice
1119 955 1298 1013 summo

149 1045 283 1102 Edita
308 1048 540 1105 candentis
564 1068 785 1127 praetexat
808 1069 1007 1127 purpura
1033 1056 1210 1105 canos?
1643 1075 1756 1129 3²0

148 1139 271 1212 Quae
293 1138 420 1194 tenui
445 1138 606 1217 patriae
630 1141 730 1217 spes
751 1138 802 1196 fit
827 1138 1042 1218 suspensa
1065 1137 1238 1217 capillo
1259 1147 1277 1195 ἓ

151 1226 199 1282 Si
229 1228 372 1285 nescis
391 1273 406 1295 ‚
429 1228 625 1307 aliquam
657 1229 836 1308 possum
866 1229 1046 1307 sperare
1069 1227 1294 1286 salutem:

153 1318 294 1375 {nscia
319 1318 699 1398 quandoquidem
725 1319 868 1377 scelus
893 1341 940 1376 es
962 1340 1133 1375 conata
1159 1320 1422 1379 nefandum.

158 1409 236 1466 Sin
253 1411 323 1467 est
341 1457 355 1479 ‚
375 1412 504 1490 quod
529 1430 687 1468 metuo
709 1436 719 1466 z
743 1433 826 1490 per
851 1433 924 1467 me
942 1454 957 1475 ‚
980 1432 1079 1466 mea
1101 1410 1282 1468 alumna
1299 1458 1314 1481 ,
1338 1427 1561 1494 tuumque

161 1507 409 1581 Expertum
437 1503 589 1561 multis
614 1502 789 1559 miscrae
811 1501 921 1558 mihi
949 1502 1086 1559 rebus
1112 1526 1316 1561 amorem
1333 1544 1350 1572 ‚
1651 1535 1758 1591 325

160 1599 247 1651 Per
272 1617 345 1651 me
363 1638 378 1661 .,
400 1593 449 1652 ἃ
471 1595 592 1652 sacra
618 1616 789 1674 precor
813 1616 896 1672 per
922 1592 1112 1650 flumina
1137 1593 1334 1673 Ilithyiae
1352 1638 1370 1663 ‚
1760 1592 1763 1593 ⁷

161 1685 236 1740 Ne
260 1702 427 1740 tantum
449 1683 493 1741 in
513 1684 687 1741 facinus
715 1704 803 1740 tam
828 1682 950 1740 nulla
977 1701 1132 1739 mente
1157 1683 1371 1762 sequaris,

161 1775 275 1829 Non
300 1796 392 1853 ego
416 1794 460 1832 te
481 1773 674 1854 incepto
694 1819 709 1841 ‚
736 1772 836 1831 fieri
854 1772 984 1852 quod
1007 1795 1102 1830 non
1125 1792 1240 1852 pote
1257 1820 1274 1843 ‚
1291 1798 1450 1836 ‘conor

162 1869 370 1927 fleElere
388 1911 404 1935 ,
431 1873 597 1925 Amor:
620 1890 773 1946 neque
800 1865 854 1924 fit
878 1888 979 1925 cum
1002 1870 1084 1922 Dis
1111 1868 1400 1928 contendere
1426 1872 1656 1936 nostrum:

168 1961 257 2018 Sed
281 1958 418 2040 patris
440 1957 667 2016 incolumi
692 1958 848 2039 potius
871 1977 917 2015 te
945 1957 1118 2015 nubere
1142 1980 1291 2037 regno
1310 2003 1324 2027 ,
1660 1993 1772 2045 330

167 2060 322 2130 Atque
339 2050 520 2129 aliquos
540 2070 690 2108 tamen
717 2050 806 2107 effe
827 2048 941 2108 velis
968 2048 1080 2116 tibi,
1098 2048 1274 2108 alumna
1289 2095 1305 2118 .,
1331 2056 1537 2116 Penates,

169 2143 276 2199 Hoc
299 2164 439 2198 unum
460 2185 475 2208 ‚
495 2140 641 2199 exitio
666 2141 800 2198 docla
820 2159 956 2218 atque
978 2161 1168 2219 experta
1183 2184 1197 2205 ,
1222 2144 1451 2206 monebo.

172 2232 321 2308 Quod
343 2230 375 2288 fi
399 2255 493 2288 non
515 2230 601 2288 alia
623 2230 801 2311 poteris
821 2231 1003 2288 ratione
1028 2250 1262 2309 parentem

173 2323 407 2380 Fleeoere:
434 2322 550 2402 (sed
576 2323 782 2401 poteris3
808 2323 919 2400 quid
942 2322 1060 2380 enim
1086 2347 1181 2382 non
1206 2325 1337 2383 unica
1358 2328 1568 2412 poffis?)

177 2415 313 2468 Tunc
335 2411 491 2490 potius
513 2432 661 2468 tamen
684 2412 779 2490 ipsa
796 2455 811 2478 ,
835 2412 916 2491 pio
941 2436 1044 2470 cum
1067 2414 1165 2490 jure
1187 2413 1378 2486 licebit,
1667 2449 1688 2499 3
1709 2450 1774 2507 35

177 2513 300 2577 Cum
325 2505 430 2562 fa&
453 2502 627 2562 causam
649 2504 922 2584 tempusque
945 2506 1126 2563 doloris
1149 2504 1360 2565 habebis:

177 2601 314 2655 Tunc
335 2593 489 2674 potius
511 2614 675 2652 conata
697 2613 772 2650 tua
791 2613 930 2672 atque
951 2594 1130 2673 incepta
1150 2596 1341 2655 referto.

181 2691 363 2766 Meque
380 2730 394 2752 ‚
415 2684 638 2762 Deosque
659 2684 743 2741 tibi
767 2684 958 2741 comites
977 2728 991 2745 ,
1014 2709 1113 2742 mea
1135 2687 1310 2744 alumna
1327 2731 1341 2752 0
1363 2689 1542 2750 futuros

182 2779 448 2838 Polliceor:
473 2774 586 2833 nihil
608 2775 670 2833 est
689 2819 704 2841 .,
728 2776 857 2854 quod
879 2793 1003 2832 texas
1027 2775 1194 2833 ordine
1219 2776 1433 2856 longum.
1496 2773 1497 2776 Ἴ

266 2871 347 2928 His
370 2869 448 2927 ubi
472 2868 699 2927 sollicitos
724 2867 862 2924 animi
886 2870 1173 2926 relevaverat
1196 2870 1325 2926 aestus
1673 2900 1785 2955 340

186 2960 427 3028 Vocibm,
449 2960 499 3018 δε
518 2959 685 3017 blanda
709 2959 865 3038 Ρεξὶυς
893 2958 973 3037 spe
994 2957 1164 3017 vicerat
1187 2983 1362 3038 aegrum
1384 2987 1398 3020 ε

187 3050 406 3110 Paulatim
429 3049 731 3108 tremebunda
754 3047 886 3129 genis
913 3049 1150 3108 obducere
1176 3052 1343 3111 vestem
