<?xml version="1.0" encoding="UTF-8"?>
<!DOCTYPE html PUBLIC "-//W3C//DTD XHTML 1.0 Transitional//EN"
    "http://www.w3.org/TR/xhtml1/DTD/xhtml1-transitional.dtd">
<html xmlns="http://www.w3.org/1999/xhtml" xml:lang="en" lang="en">
 <head>
  <title>
</title>
<meta http-equiv="Content-Type" content="text/html;charset=utf-8" />
  <meta name='ocr-system' content='tesseract 3.04.00' />
  <meta name='ocr-capabilities' content='ocr_page ocr_carea ocr_par ocr_line ocrx_word'/>
</head>
<body>
  <div class='ocr_page' id='page_1' title='image "./pvirgiliimaronis002virg_0276.png"; bbox 0 0 2165 3792; ppageno 0'>
   <div class='ocr_carea' id='block_1_1' title="bbox 445 214 1830 283">
    <p class='ocr_par' dir='ltr' id='par_1_1' title="bbox 445 214 1830 283">
     <span class='ocr_line' id='line_1_1' title="bbox 445 214 1830 283; baseline 0.002 -4"><span class='ocrx_word' id='word_1_1' title='bbox 445 220 558 280; x_wconf 78' lang='lat'>268</span> <span class='ocrx_word' id='word_1_2' title='bbox 682 221 1145 280; x_wconf 85' lang='lat' dir='ltr'><em>NOTITIA</em></span> <span class='ocrx_word' id='word_1_3' title='bbox 1212 214 1830 283; x_wconf 74' lang='lat' dir='ltr'><em>LITERARJA</em></span> 
     </span>
    </p>
   </div>
   <div class='ocr_carea' id='block_1_2' title="bbox 441 351 2060 3054">
    <p class='ocr_par' dir='ltr' id='par_1_2' title="bbox 441 351 2060 3054">
     <span class='ocr_line' id='line_1_2' title="bbox 443 351 2047 437; baseline 0.005 -26"><span class='ocrx_word' id='word_1_4' title='bbox 443 351 715 411; x_wconf 82' lang='lat' dir='ltr'>Eudociae</span> <span class='ocrx_word' id='word_1_5' title='bbox 752 355 813 412; x_wconf 66' lang='grc' dir='ltr'>ὃ(</span> <span class='ocrx_word' id='word_1_6' title='bbox 847 355 1045 413; x_wconf 91' lang='lat' dir='ltr'>Nonni</span> <span class='ocrx_word' id='word_1_7' title='bbox 1077 357 1389 436; x_wconf 82' lang='lat' dir='ltr'>paraphrasi</span> <span class='ocrx_word' id='word_1_8' title='bbox 1427 357 1721 437; x_wconf 80' lang='lat' dir='ltr'><strong>Evangelii</strong></span> <span class='ocrx_word' id='word_1_9' title='bbox 1756 357 2047 419; x_wconf 71' lang='lat' dir='ltr'>Iohannis·</span> 
     </span>
     <span class='ocr_line' id='line_1_3' title="bbox 442 447 2050 529; baseline 0.006 -31"><span class='ocrx_word' id='word_1_10' title='bbox 442 455 709 520; x_wconf 81' lang='lat' dir='ltr'>praeterea</span> <span class='ocrx_word' id='word_1_11' title='bbox 738 460 968 503; x_wconf 82' lang='lat' dir='ltr'><strong>curante</strong></span> <span class='ocrx_word' id='word_1_12' title='bbox 992 447 1096 506; x_wconf 86' lang='lat' dir='ltr'>Jul.</span> <span class='ocrx_word' id='word_1_13' title='bbox 1123 450 1315 524; x_wconf 85' lang='lat' dir='ltr'>Roscio</span> <span class='ocrx_word' id='word_1_14' title='bbox 1340 493 1357 521; x_wconf 85' lang='lat'>‚</span> <span class='ocrx_word' id='word_1_15' title='bbox 1393 450 1561 507; x_wconf 90' lang='lat' dir='ltr'>Rom.</span> <span class='ocrx_word' id='word_1_16' title='bbox 1593 450 1737 529; x_wconf 82' lang='lat'>1588</span> <span class='ocrx_word' id='word_1_17' title='bbox 1761 495 1778 522; x_wconf 82' lang='lat'>,</span> <span class='ocrx_word' id='word_1_18' title='bbox 1812 472 1877 508; x_wconf 89' lang='lat'>12</span> <span class='ocrx_word' id='word_1_19' title='bbox 1900 480 1917 522; x_wconf 68' lang='lat'>5</span> <span class='ocrx_word' id='word_1_20' title='bbox 1947 450 2050 528; x_wconf 79' lang='lat' dir='ltr'>qui</span> 
     </span>
     <span class='ocr_line' id='line_1_4' title="bbox 442 535 2046 621; baseline 0.006 -31"><span class='ocrx_word' id='word_1_21' title='bbox 442 555 515 591; x_wconf 84' lang='lat' dir='ltr'>ex</span> <span class='ocrx_word' id='word_1_22' title='bbox 554 535 739 594; x_wconf 91' lang='lat' dir='ltr'>Codd.</span> <span class='ocrx_word' id='word_1_23' title='bbox 777 538 1061 597; x_wconf 78' lang='lat' dir='ltr'>Vaticanis</span> <span class='ocrx_word' id='word_1_24' title='bbox 1092 542 1154 599; x_wconf 86' lang='lat'>&amp;</span> <span class='ocrx_word' id='word_1_25' title='bbox 1187 541 1448 599; x_wconf 87' lang='lat' dir='ltr'>Hortano</span> <span class='ocrx_word' id='word_1_26' title='bbox 1487 541 1776 621; x_wconf 84' lang='lat' dir='ltr'>castigavit</span> <span class='ocrx_word' id='word_1_27' title='bbox 1802 586 1818 614; x_wconf 83' lang='lat'>‚</span> <span class='ocrx_word' id='word_1_28' title='bbox 1840 540 2046 620; x_wconf 66' lang='lat' dir='ltr'>praefa-</span> 
     </span>
     <span class='ocr_line' id='line_1_5' title="bbox 441 625 2049 714; baseline 0.006 -30"><span class='ocrx_word' id='word_1_29' title='bbox 441 625 770 704; x_wconf 79' lang='lat' dir='ltr'>tionemque</span> <span class='ocrx_word' id='word_1_30' title='bbox 805 629 1004 688; x_wconf 84' lang='lat' dir='ltr'>Probae</span> <span class='ocrx_word' id='word_1_31' title='bbox 1028 630 1297 704; x_wconf 88' lang='lat' dir='ltr'>restituit,</span> <span class='ocrx_word' id='word_1_32' title='bbox 1338 656 1507 714; x_wconf 85' lang='lat' dir='ltr'>quam</span> <span class='ocrx_word' id='word_1_33' title='bbox 1532 633 1762 692; x_wconf 87' lang='lat' dir='ltr'>Sedulio</span> <span class='ocrx_word' id='word_1_34' title='bbox 1788 633 1881 692; x_wconf 83' lang='lat' dir='ltr'>alii</span> <span class='ocrx_word' id='word_1_35' title='bbox 1916 653 2049 712; x_wconf 82' lang='lat' dir='ltr'>per-</span> 
     </span>
     <span class='ocr_line' id='line_1_6' title="bbox 441 715 2049 800; baseline 0.007 -32"><span class='ocrx_word' id='word_1_36' title='bbox 441 731 633 789; x_wconf 80' lang='lat' dir='ltr'><strong>peram</strong></span> <span class='ocrx_word' id='word_1_37' title='bbox 655 715 901 775; x_wconf 85' lang='lat' dir='ltr'>tribuere</span> <span class='ocrx_word' id='word_1_38' title='bbox 919 762 936 791; x_wconf 79' lang='grc'>,</span> <span class='ocrx_word' id='word_1_39' title='bbox 963 719 1399 779; x_wconf 82' lang='lat' dir='ltr'>commentarios</span> <span class='ocrx_word' id='word_1_40' title='bbox 1420 721 1580 779; x_wconf 87' lang='lat' dir='ltr'>etiam</span> <span class='ocrx_word' id='word_1_41' title='bbox 1605 721 1895 800; x_wconf 83' lang='lat' dir='ltr'>pollicitus</span> <span class='ocrx_word' id='word_1_42' title='bbox 1911 765 1929 794; x_wconf 79' lang='lat'>‚</span> <span class='ocrx_word' id='word_1_43' title='bbox 1955 721 2049 780; x_wconf 87' lang='lat' dir='ltr'>sed</span> 
     </span>
     <span class='ocr_line' id='line_1_7' title="bbox 442 803 2048 890; baseline 0.006 -29"><span class='ocrx_word' id='word_1_44' title='bbox 442 803 544 882; x_wconf 88' lang='lat' dir='ltr'>qui</span> <span class='ocrx_word' id='word_1_45' title='bbox 577 803 759 865; x_wconf 81' lang='lat' dir='ltr'>lucem</span> <span class='ocrx_word' id='word_1_46' title='bbox 785 829 1074 886; x_wconf 80' lang='lat' dir='ltr'>nunquam</span> <span class='ocrx_word' id='word_1_47' title='bbox 1104 808 1389 869; x_wconf 82' lang='lat' dir='ltr'>viderunt.</span> <span class='ocrx_word' id='word_1_48' title='bbox 1445 833 1547 870; x_wconf 91' lang='lat' dir='ltr'>nec</span> <span class='ocrx_word' id='word_1_49' title='bbox 1572 835 1690 871; x_wconf 90' lang='lat' dir='ltr'>non</span> <span class='ocrx_word' id='word_1_50' title='bbox 1723 835 1849 873; x_wconf 92' lang='lat' dir='ltr'>cum</span> <span class='ocrx_word' id='word_1_51' title='bbox 1871 811 2048 890; x_wconf 85' lang='lat' dir='ltr'>Capi-</span> 
     </span>
     <span class='ocr_line' id='line_1_8' title="bbox 445 893 2052 983; baseline 0.006 -32"><span class='ocrx_word' id='word_1_52' title='bbox 445 893 714 972; x_wconf 84' lang='lat' dir='ltr'>luporum</span> <span class='ocrx_word' id='word_1_53' title='bbox 746 897 807 954; x_wconf 85' lang='lat'>&amp;</span> <span class='ocrx_word' id='word_1_54' title='bbox 840 898 1015 956; x_wconf 85' lang='lat' dir='ltr'>Henr.</span> <span class='ocrx_word' id='word_1_55' title='bbox 1054 898 1353 957; x_wconf 88' lang='lat' dir='ltr'>Meibomii</span> <span class='ocrx_word' id='word_1_56' title='bbox 1390 900 1742 983; x_wconf 83' lang='lat' dir='ltr'>aliorumque</span> <span class='ocrx_word' id='word_1_57' title='bbox 1769 903 2052 983; x_wconf 85' lang='lat' dir='ltr'>Virgilio-</span> 
     </span>
     <span class='ocr_line' id='line_1_9' title="bbox 444 984 2051 1066; baseline 0.007 -24"><span class='ocrx_word' id='word_1_58' title='bbox 444 984 784 1044; x_wconf 79' lang='lat' dir='ltr'>centonibus</span> <span class='ocrx_word' id='word_1_59' title='bbox 808 1032 828 1057; x_wconf 87' lang='lat'>‚</span> <span class='ocrx_word' id='word_1_60' title='bbox 873 1003 1102 1046; x_wconf 77' lang='lat' dir='ltr'>curante</span> <span class='ocrx_word' id='word_1_61' title='bbox 1159 990 1360 1047; x_wconf 90' lang='lat' dir='ltr'>eodem</span> <span class='ocrx_word' id='word_1_62' title='bbox 1407 991 1725 1051; x_wconf 92' lang='lat' dir='ltr'>Meibomio</span> <span class='ocrx_word' id='word_1_63' title='bbox 1753 1037 1771 1066; x_wconf 84' lang='lat'>,</span> <span class='ocrx_word' id='word_1_64' title='bbox 1817 991 2051 1054; x_wconf 82' lang='lat' dir='ltr'>Helmst.</span> 
     </span>
     <span class='ocr_line' id='line_1_10' title="bbox 454 1077 2051 1154; baseline 0.006 -22"><span class='ocrx_word' id='word_1_65' title='bbox 454 1093 603 1154; x_wconf 80' lang='lat'>1597</span> <span class='ocrx_word' id='word_1_66' title='bbox 628 1119 647 1147; x_wconf 84' lang='grc'>,</span> <span class='ocrx_word' id='word_1_67' title='bbox 683 1096 737 1150; x_wconf 83' lang='lat'>4.</span> <span class='ocrx_word' id='word_1_68' title='bbox 766 1077 993 1135; x_wconf 76' lang='lat' dir='ltr'>Omitto</span> <span class='ocrx_word' id='word_1_69' title='bbox 1029 1078 1305 1138; x_wconf 71' lang='lat' dir='ltr'>editiones</span> <span class='ocrx_word' id='word_1_70' title='bbox 1345 1079 1478 1140; x_wconf 81' lang='lat' dir='ltr'>alias</span> <span class='ocrx_word' id='word_1_71' title='bbox 1499 1125 1517 1152; x_wconf 88' lang='lat'>‚</span> <span class='ocrx_word' id='word_1_72' title='bbox 1550 1095 1612 1139; x_wconf 89' lang='lat' dir='ltr'>ut</span> <span class='ocrx_word' id='word_1_73' title='bbox 1642 1082 2051 1143; x_wconf 86' lang='lat' dir='ltr'>Coloniensem</span> 
     </span>
     <span class='ocr_line' id='line_1_11' title="bbox 456 1166 2053 1246; baseline 0.005 -23"><span class='ocrx_word' id='word_1_74' title='bbox 456 1166 595 1223; x_wconf 84' lang='lat'>1601</span> <span class='ocrx_word' id='word_1_75' title='bbox 620 1210 638 1238; x_wconf 83' lang='lat'>‚</span> <span class='ocrx_word' id='word_1_76' title='bbox 677 1167 729 1225; x_wconf 86' lang='lat'>8.</span> <span class='ocrx_word' id='word_1_77' title='bbox 754 1168 818 1226; x_wconf 86' lang='lat'>&amp;</span> <span class='ocrx_word' id='word_1_78' title='bbox 841 1189 968 1246; x_wconf 79' lang='lat' dir='ltr'>quae</span> <span class='ocrx_word' id='word_1_79' title='bbox 996 1169 1053 1226; x_wconf 89' lang='lat' dir='ltr'>in</span> <span class='ocrx_word' id='word_1_80' title='bbox 1081 1170 1448 1229; x_wconf 86' lang='lat' dir='ltr'>Bibliothecis</span> <span class='ocrx_word' id='word_1_81' title='bbox 1470 1172 1694 1230; x_wconf 76' lang='lat' dir='ltr'>Parrum</span> <span class='ocrx_word' id='word_1_82' title='bbox 1721 1187 2053 1234; x_wconf 65' lang='lat' dir='ltr'>occurrunt,</span> 
     </span>
     <span class='ocr_line' id='line_1_12' title="bbox 446 1256 2052 1334; baseline 0.006 -21"><span class='ocrx_word' id='word_1_83' title='bbox 446 1256 554 1314; x_wconf 86' lang='lat' dir='ltr'>Sed</span> <span class='ocrx_word' id='word_1_84' title='bbox 578 1277 691 1334; x_wconf 80' lang='lat' dir='ltr'>prae</span> <span class='ocrx_word' id='word_1_85' title='bbox 723 1259 918 1317; x_wconf 88' lang='lat' dir='ltr'>ceteris</span> <span class='ocrx_word' id='word_1_86' title='bbox 944 1260 1288 1321; x_wconf 86' lang='lat' dir='ltr'>laudandum</span> <span class='ocrx_word' id='word_1_87' title='bbox 1324 1260 1564 1321; x_wconf 90' lang='lat' dir='ltr'>studium</span> <span class='ocrx_word' id='word_1_88' title='bbox 1587 1264 1672 1322; x_wconf 92' lang='lat' dir='ltr'>J0.</span> <span class='ocrx_word' id='word_1_89' title='bbox 1699 1264 1872 1322; x_wconf 89' lang='lat' dir='ltr'>Henr.</span> <span class='ocrx_word' id='word_1_90' title='bbox 1906 1268 2052 1322; x_wconf 87' lang='lat' dir='ltr'>Kro-</span> 
     </span>
     <span class='ocr_line' id='line_1_13' title="bbox 447 1350 2052 1428; baseline 0.004 -22"><span class='ocrx_word' id='word_1_91' title='bbox 447 1353 646 1424; x_wconf 48' lang='lat' dir='ltr'>mizyeri</span> <span class='ocrx_word' id='word_1_92' title='bbox 669 1393 686 1421; x_wconf 93' lang='lat'>,</span> <span class='ocrx_word' id='word_1_93' title='bbox 719 1350 818 1428; x_wconf 85' lang='lat' dir='ltr'>qui</span> <span class='ocrx_word' id='word_1_94' title='bbox 860 1366 1128 1411; x_wconf 81' lang='lat' dir='ltr'>centones</span> <span class='ocrx_word' id='word_1_95' title='bbox 1170 1355 1275 1411; x_wconf 87' lang='lat' dir='ltr'>hos</span> <span class='ocrx_word' id='word_1_96' title='bbox 1315 1353 1465 1412; x_wconf 87' lang='lat' dir='ltr'>notis</span> <span class='ocrx_word' id='word_1_97' title='bbox 1502 1354 1565 1415; x_wconf 68' lang='grc' dir='ltr'>ὅ(</span> <span class='ocrx_word' id='word_1_98' title='bbox 1600 1352 1784 1414; x_wconf 86' lang='lat' dir='ltr'>indice</span> <span class='ocrx_word' id='word_1_99' title='bbox 1817 1368 2052 1413; x_wconf 81' lang='lat' dir='ltr'>ornatos</span> 
     </span>
     <span class='ocr_line' id='line_1_14' title="bbox 449 1439 2053 1524; baseline 0.004 -28"><span class='ocrx_word' id='word_1_100' title='bbox 449 1439 706 1520; x_wconf 85' lang='lat' dir='ltr'>vulgavit</span> <span class='ocrx_word' id='word_1_101' title='bbox 730 1441 885 1500; x_wconf 80' lang='lat' dir='ltr'>Halae</span> <span class='ocrx_word' id='word_1_102' title='bbox 928 1465 1074 1523; x_wconf 81' lang='lat'>1719</span> <span class='ocrx_word' id='word_1_103' title='bbox 1098 1490 1115 1518; x_wconf 86' lang='grc'>,</span> <span class='ocrx_word' id='word_1_104' title='bbox 1152 1445 1204 1504; x_wconf 83' lang='grc'>8.</span> <span class='ocrx_word' id='word_1_105' title='bbox 1239 1445 1459 1524; x_wconf 76' lang='lat' dir='ltr'>signatis</span> <span class='ocrx_word' id='word_1_106' title='bbox 1484 1461 1737 1504; x_wconf 84' lang='lat' dir='ltr'>accurate</span> <span class='ocrx_word' id='word_1_107' title='bbox 1763 1445 1831 1504; x_wconf 92' lang='lat' dir='ltr'>ad</span> <span class='ocrx_word' id='word_1_108' title='bbox 1865 1444 2053 1524; x_wconf 82' lang='lat' dir='ltr'>fingu-</span> 
     </span>
     <span class='ocr_line' id='line_1_15' title="bbox 447 1531 2057 1617; baseline 0.003 -29"><span class='ocrx_word' id='word_1_109' title='bbox 447 1531 536 1588; x_wconf 89' lang='lat' dir='ltr'>los</span> <span class='ocrx_word' id='word_1_110' title='bbox 581 1532 765 1591; x_wconf 89' lang='lat' dir='ltr'>versus</span> <span class='ocrx_word' id='word_1_111' title='bbox 817 1534 1068 1594; x_wconf 71' lang='lat' dir='ltr'>versibus</span> <span class='ocrx_word' id='word_1_112' title='bbox 1108 1534 1334 1617; x_wconf 83' lang='lat' dir='ltr'>Virgilii</span> <span class='ocrx_word' id='word_1_113' title='bbox 1354 1582 1372 1610; x_wconf 84' lang='lat'>‚</span> <span class='ocrx_word' id='word_1_114' title='bbox 1408 1537 1609 1616; x_wconf 88' lang='lat' dir='ltr'>quibus</span> <span class='ocrx_word' id='word_1_115' title='bbox 1655 1552 1924 1603; x_wconf 83' lang='lat' dir='ltr'>centones</span> <span class='ocrx_word' id='word_1_116' title='bbox 1968 1535 2057 1594; x_wconf 88' lang='lat' dir='ltr'>illi</span> 
     </span>
     <span class='ocr_line' id='line_1_16' title="bbox 448 1624 2051 1709; baseline 0.001 -25"><span class='ocrx_word' id='word_1_117' title='bbox 448 1624 720 1685; x_wconf 86' lang='lat' dir='ltr'>constant.</span> <span class='ocrx_word' id='word_1_118' title='bbox 748 1629 810 1684; x_wconf 87' lang='lat' dir='ltr'>In</span> <span class='ocrx_word' id='word_1_119' title='bbox 835 1631 1104 1686; x_wconf 76' lang='lat' dir='ltr'>Laurentii</span> <span class='ocrx_word' id='word_1_120' title='bbox 1127 1633 1347 1707; x_wconf 78' lang='lat' dir='ltr'>Legati,</span> <span class='ocrx_word' id='word_1_121' title='bbox 1380 1630 1775 1689; x_wconf 72' lang='lat' dir='ltr'>Cremonensis</span> <span class='ocrx_word' id='word_1_122' title='bbox 1801 1675 1817 1702; x_wconf 86' lang='lat'>,</span> <span class='ocrx_word' id='word_1_123' title='bbox 1859 1627 2051 1709; x_wconf 88' lang='lat' dir='ltr'>primi-</span> 
     </span>
     <span class='ocr_line' id='line_1_17' title="bbox 447 1715 2053 1796; baseline 0.004 -23"><span class='ocrx_word' id='word_1_124' title='bbox 447 1715 540 1773; x_wconf 86' lang='lat' dir='ltr'>tiis</span> <span class='ocrx_word' id='word_1_125' title='bbox 576 1717 752 1776; x_wconf 85' lang='lat' dir='ltr'>musei</span> <span class='ocrx_word' id='word_1_126' title='bbox 785 1720 1130 1796; x_wconf 87' lang='lat' dir='ltr'>poetriarum</span> <span class='ocrx_word' id='word_1_127' title='bbox 1153 1721 1313 1780; x_wconf 89' lang='lat' dir='ltr'>editis</span> <span class='ocrx_word' id='word_1_128' title='bbox 1346 1722 1625 1781; x_wconf 81' lang='lat' dir='ltr'>Bononiae</span> <span class='ocrx_word' id='word_1_129' title='bbox 1661 1722 1807 1780; x_wconf 75' lang='lat'>1668</span> <span class='ocrx_word' id='word_1_130' title='bbox 1835 1765 1852 1794; x_wconf 89' lang='lat'><strong><em>‚</em></strong></span> <span class='ocrx_word' id='word_1_131' title='bbox 1889 1742 1950 1796; x_wconf 86' lang='lat'>4..</span> <span class='ocrx_word' id='word_1_132' title='bbox 1983 1720 2053 1780; x_wconf 78' lang='lat' dir='ltr'>de</span> 
     </span>
     <span class='ocr_line' id='line_1_18' title="bbox 448 1807 2051 1892; baseline 0.002 -26"><span class='ocrx_word' id='word_1_133' title='bbox 448 1807 593 1866; x_wconf 83' lang='lat' dir='ltr'>AElia</span> <span class='ocrx_word' id='word_1_134' title='bbox 616 1811 870 1869; x_wconf 88' lang='lat' dir='ltr'>Eudocia</span> <span class='ocrx_word' id='word_1_135' title='bbox 892 1813 1136 1892; x_wconf 84' lang='lat' dir='ltr'>Augusta</span> <span class='ocrx_word' id='word_1_136' title='bbox 1158 1859 1176 1886; x_wconf 85' lang='lat'>‚</span> <span class='ocrx_word' id='word_1_137' title='bbox 1202 1815 1269 1871; x_wconf 91' lang='lat' dir='ltr'>de</span> <span class='ocrx_word' id='word_1_138' title='bbox 1293 1814 1477 1872; x_wconf 89' lang='lat' dir='ltr'>Proba</span> <span class='ocrx_word' id='word_1_139' title='bbox 1501 1814 1723 1872; x_wconf 88' lang='lat' dir='ltr'>Valeria</span> <span class='ocrx_word' id='word_1_140' title='bbox 1744 1818 1781 1871; x_wconf 85' lang='lat' dir='ltr'>F</span> <span class='ocrx_word' id='word_1_141' title='bbox 1787 1812 2006 1871; x_wconf 85' lang='lat' dir='ltr'>alconia</span> <span class='ocrx_word' id='word_1_142' title='bbox 2032 1857 2051 1885; x_wconf 84' lang='lat'><em>,</em></span> 
     </span>
     <span class='ocr_line' id='line_1_19' title="bbox 451 1898 2052 1983; baseline 0.005 -28"><span class='ocrx_word' id='word_1_143' title='bbox 451 1899 515 1956; x_wconf 88' lang='lat'>&amp;</span> <span class='ocrx_word' id='word_1_144' title='bbox 549 1898 616 1956; x_wconf 90' lang='lat' dir='ltr'>de</span> <span class='ocrx_word' id='word_1_145' title='bbox 661 1900 943 1979; x_wconf 84' lang='lat' dir='ltr'>Sulpicia,</span> <span class='ocrx_word' id='word_1_146' title='bbox 981 1905 1391 1983; x_wconf 86' lang='lat' dir='ltr'>earundemque</span> <span class='ocrx_word' id='word_1_147' title='bbox 1434 1904 1586 1976; x_wconf 84' lang='lat' dir='ltr'>Vita,</span> <span class='ocrx_word' id='word_1_148' title='bbox 1619 1904 1954 1963; x_wconf 79' lang='lat' dir='ltr'>carminibus</span> <span class='ocrx_word' id='word_1_149' title='bbox 1987 1905 2052 1963; x_wconf 69' lang='grc' dir='ltr'>ὅ(</span> 
     </span>
     <span class='ocr_line' id='line_1_20' title="bbox 451 1987 2052 2071; baseline 0.004 -26"><span class='ocrx_word' id='word_1_150' title='bbox 451 1987 735 2067; x_wconf 90' lang='lat' dir='ltr'>opusculis</span> <span class='ocrx_word' id='word_1_151' title='bbox 757 1991 1061 2068; x_wconf 79' lang='lat' dir='ltr'>differitur,</span> <span class='ocrx_word' id='word_1_152' title='bbox 1092 1994 1362 2053; x_wconf 87' lang='lat' dir='ltr'>consultis</span> <span class='ocrx_word' id='word_1_153' title='bbox 1394 1995 1563 2052; x_wconf 84' lang='lat' dir='ltr'>etiam</span> <span class='ocrx_word' id='word_1_154' title='bbox 1593 1992 2052 2071; x_wconf 87' lang='lat' dir='ltr'>inscriptionibus</span> 
     </span>
     <span class='ocr_line' id='line_1_21' title="bbox 451 2078 2052 2163; baseline 0.002 -27"><span class='ocrx_word' id='word_1_155' title='bbox 451 2078 711 2158; x_wconf 82' lang='lat' dir='ltr'>antiquis.</span> <span class='ocrx_word' id='word_1_156' title='bbox 737 2083 932 2140; x_wconf 86' lang='lat' dir='ltr'>MStos</span> <span class='ocrx_word' id='word_1_157' title='bbox 956 2083 1228 2162; x_wconf 82' lang='lat' dir='ltr'>quosdam</span> <span class='ocrx_word' id='word_1_158' title='bbox 1256 2084 1500 2142; x_wconf 86' lang='lat' dir='ltr'>Codices</span> <span class='ocrx_word' id='word_1_159' title='bbox 1524 2085 1774 2142; x_wconf 75' lang='lat' dir='ltr'>Oxoniae</span> <span class='ocrx_word' id='word_1_160' title='bbox 1791 2128 1807 2155; x_wconf 85' lang='grc'>,</span> <span class='ocrx_word' id='word_1_161' title='bbox 1829 2084 2052 2163; x_wconf 85' lang='lat' dir='ltr'>Lugdu-</span> 
     </span>
     <span class='ocr_line' id='line_1_22' title="bbox 453 2169 2060 2254; baseline 0.004 -28"><span class='ocrx_word' id='word_1_162' title='bbox 453 2169 513 2227; x_wconf 91' lang='lat' dir='ltr'>ni</span> <span class='ocrx_word' id='word_1_163' title='bbox 540 2172 656 2228; x_wconf 84' lang='lat' dir='ltr'>Bat.</span> <span class='ocrx_word' id='word_1_164' title='bbox 691 2173 752 2229; x_wconf 69' lang='grc' dir='ltr'>ὅ(</span> <span class='ocrx_word' id='word_1_165' title='bbox 778 2174 1024 2247; x_wconf 85' lang='lat' dir='ltr'>Londini</span> <span class='ocrx_word' id='word_1_166' title='bbox 1060 2174 1272 2234; x_wconf 86' lang='lat' dir='ltr'>obvios</span> <span class='ocrx_word' id='word_1_167' title='bbox 1297 2190 1460 2232; x_wconf 90' lang='lat' dir='ltr'>notat</span> <span class='ocrx_word' id='word_1_168' title='bbox 1485 2176 1748 2233; x_wconf 87' lang='lat' dir='ltr'>Oudinus</span> <span class='ocrx_word' id='word_1_169' title='bbox 1773 2174 1840 2232; x_wconf 89' lang='lat' dir='ltr'>T.</span> <span class='ocrx_word' id='word_1_170' title='bbox 1864 2178 1902 2232; x_wconf 86' lang='lat'>1.</span> <span class='ocrx_word' id='word_1_171' title='bbox 1928 2196 2060 2254; x_wconf 43' lang='lat' dir='ltr'>pag2</span> 
     </span>
     <span class='ocr_line' id='line_1_23' title="bbox 454 2260 2055 2341; baseline 0.006 -26"><span class='ocrx_word' id='word_1_172' title='bbox 454 2278 590 2337; x_wconf 86' lang='lat'>900.</span> <span class='ocrx_word' id='word_1_173' title='bbox 614 2260 692 2339; x_wconf 84' lang='lat' dir='ltr'>sq.</span> <span class='ocrx_word' id='word_1_174' title='bbox 712 2262 828 2320; x_wconf 86' lang='lat' dir='ltr'>Jam</span> <span class='ocrx_word' id='word_1_175' title='bbox 855 2263 1067 2341; x_wconf 86' lang='lat' dir='ltr'>pridem</span> <span class='ocrx_word' id='word_1_176' title='bbox 1092 2267 1293 2324; x_wconf 82' lang='lat' dir='ltr'>Probae</span> <span class='ocrx_word' id='word_1_177' title='bbox 1317 2281 1586 2325; x_wconf 87' lang='lat' dir='ltr'>centones</span> <span class='ocrx_word' id='word_1_178' title='bbox 1612 2290 1720 2326; x_wconf 87' lang='lat' dir='ltr'>una</span> <span class='ocrx_word' id='word_1_179' title='bbox 1746 2289 1873 2327; x_wconf 90' lang='lat' dir='ltr'>cum</span> <span class='ocrx_word' id='word_1_180' title='bbox 1899 2271 2055 2329; x_wconf 86' lang='lat' dir='ltr'>Tan-</span> 
     </span>
     <span class='ocr_line' id='line_1_24' title="bbox 454 2350 2053 2430; baseline 0.004 -20"><span class='ocrx_word' id='word_1_181' title='bbox 454 2350 627 2410; x_wconf 82' lang='lat' dir='ltr'>credo</span> <span class='ocrx_word' id='word_1_182' title='bbox 678 2352 821 2411; x_wconf 86' lang='lat' dir='ltr'>Phil.</span> <span class='ocrx_word' id='word_1_183' title='bbox 867 2356 1127 2414; x_wconf 85' lang='lat' dir='ltr'>Beroaldi</span> <span class='ocrx_word' id='word_1_184' title='bbox 1158 2402 1180 2430; x_wconf 14' lang='lat' dir='ltr'>‚v</span> <span class='ocrx_word' id='word_1_185' title='bbox 1217 2357 1435 2416; x_wconf 89' lang='lat' dir='ltr'>Gallice</span> <span class='ocrx_word' id='word_1_186' title='bbox 1482 2360 1771 2417; x_wconf 85' lang='lat' dir='ltr'>convertit</span> <span class='ocrx_word' id='word_1_187' title='bbox 1815 2362 1969 2417; x_wconf 74' lang='lat' dir='ltr'>Rich.</span> <span class='ocrx_word' id='word_1_188' title='bbox 2008 2365 2053 2416; x_wconf 79' lang='lat' dir='ltr'>le</span> 
     </span>
     <span class='ocr_line' id='line_1_25' title="bbox 452 2443 2052 2529; baseline 0.005 -29"><span class='ocrx_word' id='word_1_189' title='bbox 452 2447 628 2506; x_wconf 81' lang='lat' dir='ltr'>Blanc</span> <span class='ocrx_word' id='word_1_190' title='bbox 660 2443 825 2504; x_wconf 89' lang='lat' dir='ltr'>Paris.</span> <span class='ocrx_word' id='word_1_191' title='bbox 878 2467 1043 2529; x_wconf 78' lang='lat'>1553.</span> <span class='ocrx_word' id='word_1_192' title='bbox 1093 2451 1241 2528; x_wconf 84' lang='lat' dir='ltr'>apud</span> <span class='ocrx_word' id='word_1_193' title='bbox 1276 2451 1425 2509; x_wconf 88' lang='lat' dir='ltr'>Rob.</span> <span class='ocrx_word' id='word_1_194' title='bbox 1466 2450 1819 2509; x_wconf 68' lang='lat' dir='ltr'>Messalinum</span> <span class='ocrx_word' id='word_1_195' title='bbox 1852 2495 1871 2524; x_wconf 86' lang='lat'><strong><em>‚</em></strong></span> <span class='ocrx_word' id='word_1_196' title='bbox 1915 2448 2052 2508; x_wconf 87' lang='lat' dir='ltr'>teste</span> 
     </span>
     <span class='ocr_line' id='line_1_26' title="bbox 454 2536 2054 2621; baseline 0.006 -29"><span class='ocrx_word' id='word_1_197' title='bbox 454 2536 823 2597; x_wconf 83' lang='lat' dir='ltr'>Crucimanio</span> <span class='ocrx_word' id='word_1_198' title='bbox 858 2559 977 2619; x_wconf 83' lang='lat' dir='ltr'>pag.</span> <span class='ocrx_word' id='word_1_199' title='bbox 1004 2560 1140 2614; x_wconf 77' lang='lat'><strong>440.</strong></span> <span class='ocrx_word' id='word_1_200' title='bbox 1171 2540 1313 2602; x_wconf 78' lang='lat' dir='ltr'>Bibl.</span> <span class='ocrx_word' id='word_1_201' title='bbox 1340 2540 1594 2599; x_wconf 86' lang='lat' dir='ltr'>Gallicae.</span> <span class='ocrx_word' id='word_1_202' title='bbox 1617 2541 1707 2600; x_wconf 86' lang='lat' dir='ltr'>Sic</span> <span class='ocrx_word' id='word_1_203' title='bbox 1731 2561 1962 2621; x_wconf 83' lang='lat' dir='ltr'>quoque</span> <span class='ocrx_word' id='word_1_204' title='bbox 1990 2544 2054 2601; x_wconf 84' lang='lat'>&amp;</span> 
     </span>
     <span class='ocr_line' id='line_1_27' title="bbox 454 2626 2052 2711; baseline 0.004 -28"><span class='ocrx_word' id='word_1_205' title='bbox 454 2626 681 2705; x_wconf 89' lang='lat' dir='ltr'>quidam</span> <span class='ocrx_word' id='word_1_206' title='bbox 703 2631 1030 2706; x_wconf 62' lang='lat' dir='ltr'>Pomponius</span> <span class='ocrx_word' id='word_1_207' title='bbox 1061 2652 1130 2688; x_wconf 79' lang='lat' dir='ltr'>ex</span> <span class='ocrx_word' id='word_1_208' title='bbox 1153 2632 1353 2690; x_wconf 88' lang='lat' dir='ltr'>eodem</span> <span class='ocrx_word' id='word_1_209' title='bbox 1381 2647 1551 2711; x_wconf 88' lang='lat' dir='ltr'>poeta</span> <span class='ocrx_word' id='word_1_210' title='bbox 1573 2631 1719 2689; x_wconf 85' lang='lat' dir='ltr'>inter</span> <span class='ocrx_word' id='word_1_211' title='bbox 1740 2646 1923 2691; x_wconf 89' lang='lat' dir='ltr'>cetera</span> <span class='ocrx_word' id='word_1_212' title='bbox 1945 2631 2052 2690; x_wconf 87' lang='lat' dir='ltr'>stili</span> 
     </span>
     <span class='ocr_line' id='line_1_28' title="bbox 459 2714 2054 2801; baseline 0.004 -27"><span class='ocrx_word' id='word_1_213' title='bbox 459 2716 538 2775; x_wconf 90' lang='lat' dir='ltr'>sui</span> <span class='ocrx_word' id='word_1_214' title='bbox 568 2717 684 2776; x_wconf 87' lang='lat' dir='ltr'>otia</span> <span class='ocrx_word' id='word_1_215' title='bbox 707 2718 975 2800; x_wconf 87' lang='lat' dir='ltr'>Tityrum</span> <span class='ocrx_word' id='word_1_216' title='bbox 1004 2719 1270 2801; x_wconf 85' lang='lat' dir='ltr'>(carmen</span> <span class='ocrx_word' id='word_1_217' title='bbox 1296 2714 1662 2800; x_wconf 83' lang='lat' dir='ltr'>bucolicum)</span> <span class='ocrx_word' id='word_1_218' title='bbox 1684 2721 1743 2778; x_wconf 89' lang='lat' dir='ltr'>in</span> <span class='ocrx_word' id='word_1_219' title='bbox 1771 2721 2054 2780; x_wconf 89' lang='lat' dir='ltr'>honorem</span> 
     </span>
     <span class='ocr_line' id='line_1_29' title="bbox 461 2808 2055 2889; baseline 0.003 -24"><span class='ocrx_word' id='word_1_220' title='bbox 461 2808 665 2867; x_wconf 89' lang='lat' dir='ltr'>Christi</span> <span class='ocrx_word' id='word_1_221' title='bbox 696 2810 1087 2889; x_wconf 87' lang='lat' dir='ltr'>composuerat</span> <span class='ocrx_word' id='word_1_222' title='bbox 1109 2857 1127 2885; x_wconf 86' lang='lat'>,</span> <span class='ocrx_word' id='word_1_223' title='bbox 1160 2826 1221 2870; x_wconf 87' lang='lat' dir='ltr'>ut</span> <span class='ocrx_word' id='word_1_224' title='bbox 1244 2812 1414 2871; x_wconf 83' lang='lat' dir='ltr'>refert</span> <span class='ocrx_word' id='word_1_225' title='bbox 1438 2812 1676 2871; x_wconf 71' lang='lat' dir='ltr'>[fidorus</span> <span class='ocrx_word' id='word_1_226' title='bbox 1710 2812 1805 2870; x_wconf 91' lang='lat' dir='ltr'>lib.</span> <span class='ocrx_word' id='word_1_227' title='bbox 1837 2815 1876 2871; x_wconf 91' lang='grc' dir='ltr'>Ι.</span> <span class='ocrx_word' id='word_1_228' title='bbox 1911 2812 2055 2870; x_wconf 86' lang='lat' dir='ltr'>Ori-</span> 
     </span>
     <span class='ocr_line' id='line_1_30' title="bbox 459 2898 2052 2985; baseline 0.003 -30"><span class='ocrx_word' id='word_1_229' title='bbox 459 2898 652 2978; x_wconf 78' lang='lat' dir='ltr'>ginum</span> <span class='ocrx_word' id='word_1_230' title='bbox 680 2922 798 2979; x_wconf 89' lang='lat' dir='ltr'>cap.</span> <span class='ocrx_word' id='word_1_231' title='bbox 830 2902 921 2981; x_wconf 77' lang='lat'>38.</span> <span class='ocrx_word' id='word_1_232' title='bbox 954 2902 1046 2963; x_wconf 93' lang='lat' dir='ltr'>sed</span> <span class='ocrx_word' id='word_1_233' title='bbox 1068 2904 1377 2985; x_wconf 89' lang='lat' dir='ltr'>Pomponii</span> <span class='ocrx_word' id='word_1_234' title='bbox 1400 2903 1540 2965; x_wconf 90' lang='lat' dir='ltr'>illud</span> <span class='ocrx_word' id='word_1_235' title='bbox 1569 2924 1792 2966; x_wconf 86' lang='lat' dir='ltr'>carmen</span> <span class='ocrx_word' id='word_1_236' title='bbox 1814 2923 1933 2967; x_wconf 85' lang='lat' dir='ltr'>non</span> <span class='ocrx_word' id='word_1_237' title='bbox 1965 2917 2052 2969; x_wconf 52' lang='lat' dir='ltr'>tua</span> 
     </span>
     <span class='ocr_line' id='line_1_31' title="bbox 459 2989 812 3054; baseline 0.014 -5"><span class='ocrx_word' id='word_1_238' title='bbox 459 2989 528 3051; x_wconf 87' lang='lat' dir='ltr'>lit</span> <span class='ocrx_word' id='word_1_239' title='bbox 556 2994 812 3054; x_wconf 73' lang='lat' dir='ltr'>aetatern.v</span> 
     </span>
    </p>
   </div>
  </div>
 </body>
</html>
