2165 3792
453 221 574 292 '250
703 207 1151 268 NOTITIA
1208 204 1796 263 LITERARIA

454 342 518 398 &
547 337 660 416 ipse
701 337 923 395 eximiae
954 333 1239 394 vetustatis
1266 377 1283 405 ‚
1314 347 1482 411 atque
1515 329 1777 390 iconibus
1810 327 2056 387 amoenis

454 441 684 484 ornatus
721 425 780 482 in
817 425 957 484 Bibl.
1000 424 1194 482 eadem
1229 421 1502 480 Vaticana
1525 465 1542 492 ‚
1581 439 1716 499 quas
1757 417 2058 497 diligenter·

454 514 753 572 delineatas
791 513 888 571 aeri
918 512 1091 572 incidi
1132 511 1334 589 edique
1375 531 1568 569 curare
1599 508 1903 568 voluitso.
1934 511 2058 566 Car..
2140 515 2150 579 j

451 608 693 663 Schottus
730 619 743 643 ¹
781 649 798 678 ,
835 627 866 664 a
900 625 1016 683 quo
1055 602 1355 681 Virgilium
1388 600 1630 660 nummis
1669 601 1732 659 &
1764 598 2059 658 veteribus-

452 697 837 755 monumentis
861 695 1224 766 illustratum,
1248 694 1515 752 incaffum
1543 706 1561 729 ²
1592 692 2052 772 exspefmvimus.
2128 703 2131 705 ’

453 786 562 844 Sed
589 787 774 845 Codd.
804 786 1030 864 Virgilii
1058 784 1392 861 scriptorum
1419 783 1680 842 notitiam
1711 782 1806 861 qui
1839 782 2058 840 deside-0

452 890 537 933 ret
555 922 571 949 ‚
599 877 753 934 adeat
785 874 873 932 Cl.
898 873 1194 954 Heynium
1214 873 1274 930 in
1296 872 1520 954 prolog.
1546 873 1806 953 Virgilii,
1830 876 1891 933 &
1918 894 2059 932 auc·-

453 981 606 1024 tores
626 967 786 1023 Novi
812 965 1000 1042 operis
1029 963 1412 1043 diplomatici‚
1437 964 1496 1022 in
1516 985 1632 1045 quo
1659 967 1722 1024 ὃ(
1745 964 2064 1023 multorum·
2154 979 2156 982 ’

454 1057 755 1136 specimina
783 1056 1142 1116 exhibentur.

536 1269 623 1324 Ex
660 1266 903 1345 antiquis
930 1266 1322 1326 Grammaticis
1347 1266 1650 1346 Virgilium
1683 1264 2057 1323 illustraverat

454 1362 768 1417 Alexander
794 1358 1017 1436 quidam
1048 1358 1395 1438 artigraphus
1416 1404 1432 1429 ,
1457 1360 1790 1440 Aurufianus
1821 1354 2012 1438 Meffics
2034 1400 2057 1427 ,
2156 1391 2160 1393 -

454 1451 716 1506 AEtnilius
758 1449 931 1524 Asper
949 1493 968 1520 ,
1004 1453 1065 1507 L.
1099 1457 1336 1507 Annaeus
1378 1453 1635 1507 Cornutus
1656 1492 1673 1519 ,
1715 1450 2009 1506 Carminius
2036 1489 2063 1516 ‚.

456 1540 722 1595 Aruntius
755 1540 925 1614 Celfics
947 1585 965 1610 ,
990 1545 1210 1598 Flavius
1242 1544 1430 1617 Caper,
1455 1543 1680 1597 Grillius
1696 1583 1713 1610 ‚
1730 1540 1908 1596 Julius
1930 1541 2058 1613 Hy-

456 1634 612 1709 ginus
631 1675 648 1702 ‚
670 1635 902 1690 Martius
927 1638 1193 1692 Salutaris
1209 1679 1226 1706 ,
1254 1633 1505 1692 Oc‘lavius
1526 1637 1722 1690 Avitus
1740 1677 1757 1702 ,
1789 1634 1859 1709 Q.
1889 1635 1947 1686 A
1936 1631 2056 1705 sco-

457 1726 581 1778 nius
624 1727 894 1782 Pedianus
918 1769 934 1797 ,
978 1729 1113 1784 Pius
1132 1769 1149 1797 ‚
1189 1729 1270 1783 M.
1320 1729 1558 1784 Valerius
1595 1729 1797 1784 Probus
1818 1768 1835 1795 ,
1881 1721 2059 1796 Rufus

459 1816 810 1888 Apronianus
827 1859 846 1883 ,
876 1819 1105 1872 Scaurus
1129 1817 1191 1873 &
1217 1821 1400 1872 Velius
1417 1819 1645 1892 Longus.
1688 1816 1750 1872 In
1777 1810 2059 1890 Georgica

459 1899 751 1979 scripserat
787 1903 953 1961 etiam
996 1907 1077 1961 M.
1117 1909 1392 1961 Antonius
1441 1906 1667 1980 Gnipho.
1712 1901 1820 1958 Sed
1852 1900 2060 1957 horum

461 1991 716 2049 omnium
750 1992 1173 2051 lucubrationes
1201 1993 1521 2071 perierunt,
1559 1991 1792 2070 perinde
1823 2004 1884 2047 ut
1909 1991 2061 2045 Calvi

462 2085 526 2142 &
572 2086 709 2142 sulii
754 2088 958 2142 Titiani
996 2085 1311 2143 Rhetorum
1329 2130 1344 2157 ‚
1398 2086 1497 2165 qui
1545 2081 2063 2142 controversiarum

461 2175 717 2234 materias
743 2196 771 2232 e
797 2176 1038 2255 Virgilio
1066 2178 1373 2255 petierant,
1415 2176 1511 2235 vel
1536 2181 1737 2236 Avieni
1758 2221 1775 2248 ,
1802 2174 1901 2254 qui
1925 2173 2061 2230 Vir-

462 2264 658 2344 gilium
695 2267 940 2325 verfibus
978 2268 1235 2327 Jambicis
1272 2268 1457 2326 latinis
1492 2267 1747 2326 reddidit.
1779 2266 1926 2323 Vide
1949 2265 2062 2323 Ca-

453 2358 718 2435 ·talogum
765 2357 1145 2436 scriptorum,
1192 2380 1361 2438 quem
1399 2356 1595 2416 Servio
1639 2356 1739 2414 suo
1779 2353 2077 2413 Fabricius.

463 2448 764 2526 praemisit,
795 2451 858 2509 &
889 2450 1180 2508 Barthium
1206 2451 1450 2523 LXVII,
1487 2470 1571 2522 14.
1596 2445 1891 2507 Adversar.

547 2621 837 2680 Perierunt
867 2622 1033 2681 etiam
1060 2623 1285 2702 Virgilii
1311 2622 1476 2702 ipsius
1507 2622 1817 2694 nonnulla,
1854 2620 1945 2679 sed
1974 2620 2071 2679 his*
2110 2673 2117 2682 ,,

466 2732 586 2769 non
624 2713 1027 2773 accensendum
1058 2720 1242 2792 Scylla
1275 2735 1478 2793 poema
1499 2759 1516 2787 ,
1544 2715 1702 2793 quod
1738 2713 1920 2771 laudat
1962 2714 2062 2771 Se-

465 2822 604 2861 neca
625 2804 795 2883 Epist.
825 2827 918 2884 92.
946 2805 1092 2865 Illud
1116 2804 1295 2885 ipsum
1314 2805 1464 2864 enim
1489 2803 1566 2863 est
1582 2848 1599 2877 ‚
1622 2804 1778 2884 quod
1809 2807 1947 2862 Ciris·
1968 2803 2058 2861 in·-

547 3003 566 3033 1
588 2989 784 3047 Jdurnal
793 2991 868 3039 des
884 2993 1065 3041 savans
1087 2987 1226 3056 1708.
1375 3007 1402 3038 2
1436 2986 1568 3038 Obiit
1600 2986 1799 3038 Berolini
1838 3004 1910 3037 12.
1943 2985 2071 3036 Dec,
2099 2982 2103 2987 ’

469 3051 580 3105 θξὶ.
606 3073 652 3122 p.
679 3073 785 3122 117.
1313 3072 1450 3123 17¹7·
