2165 3792
577 175 988 238 'LIBER
1077 183 1207 241 ΙῙΙ.’

101 315 241 374 Nunc
261 312 349 370 huc
373 333 490 370 nunc
513 311 624 370 illuc
653 311 866 391 gradibus
889 335 972 392 per
993 312 1135 370 fidem
1161 314 1295 372 certis

101 403 342 482 Impulsae:
365 426 553 477 quarum
578 402 693 460 ratio
720 402 960 460 manifesta
983 426 1065 482 per
1084 422 1226 460 artem

82 488 316 551 ¹Collesta
341 493 401 550 est
419 539 433 559 ‚
457 494 708 571 venietque
729 493 811 550 suo
835 515 918 571 per
937 491 1134 549 carmina
1157 508 1306 550 textu.'

98 583 257 662 'Atque
284 583 382 640 haec
405 584 466 641 est
490 584 588 640 illas
612 585 798 640 demun]
825 582 1033 640 mensura
1055 606 1138 661 per
1159 607 1262 640 oras
1279 627 1296 651 ‚

99 679 232 751 Quas
257 675 374 755 rigat
401 673 574 733 aestivus
598 674 810 755 gradibus
836 674 1118 732 torrentibus
1144 674 1286 747 amnis

99 766 236 824 Nilus
254 810 269 831 ‚
291 764 342 823 ἃ
363 788 606 844 erumpens
632 763 832 822 imitatur
853 763 996 822 sidera
1021 766 1180 822 mundi

99 861 187 915 Per
210 857 383 936 septem
404 857 554 914 fauces
570 903 586 926 ,
610 876 748 934 atque
773 880 855 914 ora
877 855 1084 936 fugantia
1109 876 1327 937 pontum

181 951 320 1006 Nunc
341 971 426 1028 age
447 993 461 1015 ‚
484 969 602 1027 quot
623 947 769 1006 stadiis
796 947 846 1005 St
866 967 1043 1026 quanto
1069 970 1284 1028 tempore
1310 947 1496 1029 surgant

99 1040 291 1110 Sidera,
316 1063 507 1120 quoque
534 1041 692 1100 cadant
709 1086 725 1107 .,
749 1039 906 1098 animo
933 1042 1172 1120 cognosce
1200 1040 1382 1120 sagaci3

98 1135 175 1190 Ne
198 1155 360 1212 magua
383 1133 430 1190 in
456 1132 671 1190 brevibus
694 1151 875 1189 careant
900 1132 1179 1210 compendia
1204 1132 1350 1190 diffiS.

99 1222 279 1281 Nobile
302 1222 511 1302 Lanigeri
535 1221 651 1278 fidus
670 1265 684 1288 ‚
710 1222 840 1300 quod
866 1221 1025 1278 cuncta
1049 1221 1302 1300 sequuntur
1320 1265 1337 1288 ‚

99 1319 235 1373 Dena
259 1335 416 1393 quater
439 1314 575 1371 stadia
600 1313 818 1371 exoriens
834 1359 850 1382 .,
874 1313 1196 1393 duplicataque
1221 1314 1348 1372 ducit

103 1412 226 1465 Cum
249 1407 398 1465 cadit:
419 1427 555 1486 atque
580 1405 743 1463 horam
770 1406 959 1485 surgens
983 1406 1173 1485 ejusque
1202 1405 1420 1465 trientem

100 1501 349 1576 Occupat3
374 1497 597 1554 occiduus
621 1496 852 1575 geminat:
874 1521 978 1554 cum
1002 1517 1155 1554 cetera
1178 1497 1304 1578 signa

100 1586 301 1645 Ostonis
327 1587 530 1643 crescunt
550 1585 697 1642 stadiis
721 1585 920 1644 orientia
941 1587 985 1644 in
1011 1588 1173 1645 orbem
1191 1635 1207 1657 ‚

99 1681 159 1736 Et
180 1676 378 1736 totidem
402 1678 614 1734 amittunt
642 1677 816 1757 gelidas
837 1679 1078 1758 vergentia
1103 1679 1368 1737 inumbras,

99 1773 229 1828 Hora
251 1791 382 1827 novo
412 1767 577 1825 crescit
601 1790 684 1847 per
709 1767 883 1848 fingula
905 1768 1031 1848 signa
1055 1771 1305 1849 quadrante
1322 1813 1339 1838 ,

97 1848 349 1942 Tertiaque
373 1861 418 1918 in
441 1879 599 1940 quarta
624 1881 755 1940 parte
779 1860 811 1917 st
835 1862 1016 1919 ducitur
1035 1863 1147 1941 ejus,

96 1959 210 2015 Haec
233 1955 332 2012 sunt
354 1955 410 2011 ad
434 1954 581 2011 Librae
602 1954 720 2011 fidus
744 1955 1034 2035 surgentibus
1056 1955 1178 2013 astris
1277 2029 1280 2035 ι

94 2054 416 2106 Incrementa:
443 2047 541 2126 pari
562 2066 807 2104 momento
832 2048 996 2104 damna
1019 2048 1294 2115 trahuntur4

97 2142 221 2196 Cum
245 2138 436 2196 subeunt
462 2139 650 2196 orbern:
676 2139 919 2218 rursusque
942 2165 966 2198 a
993 2140 1138 2199 fidere
1162 2141 1308 2199 Librae
1324 2186 1340 2210 ‚

96 2232 281 2290 Ordine
306 2251 476 2289 mutato
494 2275 508 2299 ‚
535 2233 717 2311 paribus
744 2256 828 2312 per
850 2256 1063 2314 tempora
1086 2235 1216 2292 versa

95 2323 359 2382 Momentis
384 2325 594 2380 redeunt.
619 2328 737 2381 Nam
763 2349 846 2404 per
871 2347 988 2404 quot
1010 2346 1221 2384 creverat
1241 2326 1404 2384 astrum

97 2415 311 2494 Lanigeri
334 2414 468 2471 stadia
491 2434 564 2471 aut
588 2415 725 2471 horas
743 2459 759 2481 ,
780 2435 853 2473 tot
874 2417 1004 2473 Libra
1027 2417 1218 2474 recedit.

97 2505 428 2584 Occiduusque
453 2504 581 2561 Aries
602 2504 793 2583 spatium
816 2507 1088 2584 tempusque
1110 2506 1304 2563 cadendi

96 2600 250 2673 Quod
273 2618 402 2655 tenet
421 2641 435 2663 ,
457 2597 503 2653 in
527 2614 701 2653 tanturn
729 2595 892 2653 Chelae
916 2597 1195 2676 consurgere
1219 2596 1432 2677 perstant.

99 2693 209 2770 Ejus
232 2691 273 2748 iu
299 2690 564 2770 exemplum
588 2689 634 2746 se
659 2689 780 2769 figna
802 2690 1040 2769 sequentia
1061 2710 1258 2748 vertunt.

97 2782 210 2838 Haec
234 2781 310 2838 ubi
336 2778 621 2837 constiterint
647 2779 855 2860 vigilanti
878 2780 1064 2837 condita
1081 2800 1270 2847 mente,

101 2877 193 2933 Jam
215 2872 349 2930 facile
375 2871 455 2939 est.,
479 2871 509 2928 fi
540 2872 668 2950 quod
693 2873 977 2950 quandoque
1001 2872 1292 2952 horoscopet
1315 2871 1507 2940 astrum,

102 2964 342 3022 Noscere:
370 2986 470 3020 curn
491 2962 629 3020 iiceat
653 2962 788 3019 certis
812 2962 1041 3043 surgentia
1062 2962 1187 3041 figua

100 3059 283 3114 Ducere
308 3052 596 3132 temporibus
616 3097 631 3120 ‚
652 3053 944 3135 propriisque
965 3053 1221 3125 adscribere
1246 3053 1291 3111 in
1314 3051 1451 3111 horas

222 3141 303 3195 M..
347 3139 630 3194 Μιιηὶίίῐις.
1327 3140 1345 3191 l

1593 189 1715 262 '129‘

1594 521 1710 571 270

1595 966 1710 1024 275

1596 1870 1702 1938 285

1592 2346 1704 2400 290

1589 2802 1703 2861 293⁴
