2165 3792
498 153 506 241 i
585 179 985 236 LIBER
1066 180 1156 238 II.

48 314 175 374 Nam
198 335 438 373 commune
460 312 583 372 foret
607 314 740 370 nullo
765 311 1029 370 discrimine
1056 326 1266 379 nomem

49 406 229 465 ‘Omnia
246 406 372 484 quod
392 403 526 461 certis
551 403 728 462 vicibus
753 427 836 484 per
854 424 1067 482 tempora
1093 401 1304 483 fulgent:

53 496 118 554 Et
140 519 259 554 nunc
284 493 360 552 illa
380 494 478 552 dies
495 538 508 560 ,
535 517 657 552 nunc
681 497 841 553 no&es
863 494 942 552 illa
971 495 1236 574 sequuntur.

57 591 150 647 Sed
173 590 336 668 quibus
359 587 436 645 illa
456 611 622 667 parens
648 589 807 646 mundi
833 612 984 646 natura
1009 588 1198 645 sacratas

48 679 306 759 Temporis
332 678 539 736 attribuit
560 700 711 758 partes
736 679 929 736 statione
954 676 1165 757 perenni.

58 776 269 850 Namque
291 769 503 850 Sagittari
525 769 733 848 lignum,
755 770 996 849 rabidique
1023 768 1196 827 Leonis
1213 812 1231 838 ‚

58 867 120 923 Et
141 864 216 922 sua
239 864 486 943 respiciens
511 883 670 921 aurato
696 863 874 921 vellere
900 883 1059 942 terga,

56 958 198 1015 Tunc
223 956 370 1015 Pisces
389 1001 403 1020 ,
429 955 479 1014 ἃ
505 961 687 1014 Cancer
705 1003 720 1027 ‚
748 955 798 1013 &
819 956 910 1014 acri
932 955 1159 1036 Scorpios
1184 954 1274 1012 iftu
1294 999 1312 1024 ‚

65 1048 336 1107 Aut-vicina
359 1048 505 1113 loco,
532 1048 675 1106 divisa
700 1067 776 1105 aut
801 1046 1003 1128 partibus
1024 1047 1170 1128 aequis
1187 1091 1204 1116 ‚

65 1138 242 1197 Omnia
266 1140 477 1197 dicuntur
498 1136 633 1196 {imili
659 1138 738 1195 sub
761 1139 885 1196 sorte
910 1137 1098 1195 diurna:

61 1234 240 1288 Cetera
265 1253 351 1288 nec
376 1253 570 1287 numero
597 1228 835 1287 consortia
852 1273 867 1295 ‚
893 1251 976 1286 nec
1000 1230 1102 1286 vice
1125 1226 1241 1284 sedis
1259 1270 1278 1303 ,

69 1321 312 1399 Interie&a
335 1321 451 1379 locis
475 1321 672 1379 totidem
695 1321 921 1378 nociurna
944 1321 1166 1376 feruntur.

70 1414 202 1489 Quin
228 1413 363 1470 etiam
384 1413 459 1470 sex
486 1412 718 1470 continuis
741 1412 899 1469 dixere
927 1410 1111 1469 diurnas

69 1507 174 1564 Effe
194 1506 319 1564 vices
341 1506 488 1563 castris
507 1550 522 1571 ‚
546 1529 649 1583 quae
670 1508 772 1564 sunt
792 1531 816 1563 a
840 1505 1053 1584 principe
1075 1502 1212 1583 signo

69 1596 310 1676 Lanigeri3
339 1597 413 1654 sex
439 1621 463 1654 a
489 1597 649 1654 Chelis
676 1597 899 1656 noemma
923 1596 1093 1653 videri.

71 1693 187 1746 Sunt
210 1687 374 1766 quibus
399 1688 490 1746 effe
512 1686 675 1745 diurna
698 1688 880 1767 placet,
901 1709 1006 1766 quae
1028 1685 1225 1743 mascula
1252 1683 1472 1767 surgnut3

71 1779 286 1839 Feminea
305 1778 351 1836 in
377 1779 564 1837 no&em
590 1780 696 1837 tutis
720 1780 921 1860 gaudere
945 1778 1161 1836 tenebris.

154 1869 285 1946 Quin
312 1871 534 1928 nonnulla
559 1869 642 1929 tibi
665 1872 797 1929 nullo
822 1871 1106 1929 monstrante
1128 1870 1386 1948 loquuntur

73 1950 299 2044 Neptuno
326 1964 499 2022 debere
525 1986 672 2044 genus
691 2010 708 2034 ‚
734 1967 1011 2047 scopulosus
1038 1966 1083 2023 in
1113 1966 1248 2023 undis

77 2061 260 2115 Cancer
279 2102 293 2123 ‚
320 2056 370 2114 &
399 2057 548 2115 effuso
575 2059 829 2138 gaudentes
854 2082 1048 2138 aequore
1074 2058 1243 2117 Pisces,

77 2152 143 2207 Ut
169 2171 272 2227 quae
293 2168 469 2206 terrena
494 2150 740 2208 censentur
765 2150 907 2208 sidera
936 2151 1061 2209 sorte
1081 2195 1096 2217 .,

76 2240 293 2318 Princeps
316 2239 504 2297 armenti
527 2245 704 2299 Taurus
722 2286 736 2309 ‚
763 2265 1010 2323 regnoque
1034 2240 1258 2320 superbus

80 2329 294 2409 Lanigeri
319 2331 474 2409 gregis
498 2332 562 2388 est
585 2332 716 2390 Aries
736 2377 751 2400 ‚
777 2334 1042 2413 pofitusque
1065 2334 1264 2391 duorum

80 2423 408 2499 Praedatorque
431 2425 528 2478 Leo
545 2466 560 2487 ,
587 2422 636 2482 8(
655 2425 857 2482 dumofis
879 2427 1103 2504 Scorpios
1131 2428 1268 2488 arvis.

82 2518 198 2571 Sunt
222 2512 358 2569 etiam
383 2513 548 2569 medice
570 2513 688 2592 legis
711 2515 979 2573 communia
1004 2514 1129 2593 signa
1146 2560 1163 2581 ,

83 2602 336 2683 Ambiguus
363 2624 496 2662 terrae
518 2606 830 2684 Capricornus
849 2650 863 2671 ,
891 2604 1112 2683 Aquarius
1135 2605 1301 2667 undis.'

85 2692 282 2772 Parsque
306 2694 475 2751 marina
502 2695 650 2753 nitens
671 2695 906 2754 fundentis
928 2694 1108 2773 semper
1134 2692 1329 2772 Aquari:

87 2786 282 2845 Humida
305 2788 498 2846 terrenis
525 2812 663 2869 atque
685 2789 774 2848 iliis
802 2810 948 2848 terrea
974 2789 1128 2847 mixta.

167 2881 281 2937 Non
307 2881 417 2939 licet
438 2906 462 2939 a
484 2882 678 2941 minimis
703 2884 904 2940 animum
929 2879 1176 2941 deflectere
1203 2880 1340 2941 causis
1363 2906 1375 2933 τ

87 2975 191 3031 Nec
219 2972 467 3053 quidquam
491 2974 682 3032 rationis
708 2995 818 3053 eget
836 3019 851 3040 ‚
873 2975 1090 3031 frustrave
1113 2993 1311 3031 erearum
1334 2974 1411 3031 est.

91 3066 377 3125 Foecundum
398 3065 459 3124 est
481 3065 672 3146 proprie
698 3066 865 3126 Cancri
888 3089 1034 3147 genus
1053 3111 1068 3135 ‚
1088 3089 1193 3126 acer
1217 3066 1267 3126 δι
1291 3066 1383 3126 ἔξω

1577 190 1671 275 923,

1555 694 1672 739 2¹OE

1564 1155 1672 1212 2¹5
