2165 3792
748 180 1122 237 CIRIS.

131 311 245 371 {nde
269 308 370 370 lovi
396 308 597 389 geminat
618 330 790 388 magno
812 308 1034 390 Stygialia
1061 309 1218 376 sacra‚'

132 407 267 461 Sacra
291 424 374 460 nec
396 398 525 458 ldaeis
549 399 734 458 senibus
754 444 769 466 ‚
794 423 881 458 nec
906 400 1096 481 cognita
1121 399 1307 469 Graiis;

132 495 324 575 Pergit,
349 493 589 574 Amyclaeo
614 494 831 573 spargens
855 493 1010 552 altaria
1034 493 1178 553 thallo
1197 537 1215 561 ‚

139 584 282 666 Regis
308 583 517 644 Iolciacis
541 582 743 642 animum
766 584 975 665 defigere
996 585 1138 645 votis.

136 681 307 735 Verum
330 721 344 743 ‚
368 675 444 732 ubi
473 676 594 733 nulla
618 696 780 734 movet
807 676 1007 734 stabilem
1033 675 1211 734 fallacia
1235 675 1432 744 Nisum3

136 770 239 826 Nec
264 766 450 846 possunt
471 765 717 831 homineS,
745 790 832 824 nec
858 766 1046 847 possunt
1067 765 1255 825 fle&ere
1281 766 1418 826 Divi:

135 862 313 932 (Tanta
333 857 397 914 est
423 857 468 914 in
493 880 638 937 parvo
667 856 834 915 fiducia
859 857 987 916 crine
1013 858 1232 916 cavendi:
1256 857 1284 936 )

132 946 305 1007 'Rursus
329 949 384 1006 ad
405 949 640 1028 inceptum
662 948 833 1007 sociam
859 948 907 1006 se
930 947 1144 1029 adjungit
1168 950 1364 1007 alumnae
1380 993 1398 1017 ‚

136 1045 512 1120 Purpureumque
535 1060 661 1121 parat
683 1042 829 1098 rursus
853 1041 1048 1099 tondere
1077 1040 1296 1121 capillum
1313 1087 1331 1111 ‚

137 1134 261 1189 Cum
287 1132 438 1210 longo
460 1133 590 1211 quod
609 1132 701 1209 jam
722 1150 874 1212 captat
893 1131 1158 1190 succurrere
1180 1132 1357 1190 amori:

138 1228 249 1284 Non
270 1225 421 1284 'minus
447 1225 525 1283 illa
548 1245 697 1284 tamen
721 1224 909 1292 revehi,
933 1225 1064 1304 quod
1087 1223 1256 1283 moenia
1277 1224 1514 1293 crescant,

141 1319 383 1375 Gaudeat:
409 1315 458 1376 ἃ
481 1315 624 1374 cineri
650 1315 809 1396 patriae
834 1316 896 1374 est
918 1315 1118 1393 jucunda
1141 1317 1341 1396 sepulto.

140 1410 270 1487 Ergo
293 1427 416 1466 metu
439 1407 576 1487 capiti
598 1408 750 1486 Scylla
773 1408 838 1465 est
861 1407 1045 1465 inimica
1069 1427 1281 1488 paterne.

139 1502 261 1558 Tum
286 1523 417 1557 coma
442 1499 636 1557 Sidonio
663 1497 836 1556 florens
862 1499 1108 1556 succiditur
1130 1501 1285 1557 ostro:

140 1594 259 1648 Tum
282 1589 458 1669 capitur
481 1592 676 1668 Megara
694 1631 709 1654 ‚
733 1588 782 1647 ἅ
806 1589 977 1646 Divum
1000 1589 1221 1668 responsa
1246 1589 1531 1669 probantu-r:

132 1679 257 1738 'Tum
281 1679 490 1760 suspensa
515 1704 643 1740 novo
670 1679 758 1738 ritu
782 1681 840 1738 de
863 1680 1051 1739 navibus
1073 1679 1173 1738 altis
1194 1725 1209 1747 ‚

86 1819 92 1823 ,
137 1775 226 1828 Per
247 1793 370 1828 mare
395 1772 642 1829 caeruleum
667 1771 856 1828 trahitur
877 1770 1035 1828 Niseia
1058 1770 1211 1849 virgo.

139 1863 422 1941 Complures
447 1860 572 1919 illam
593 1861 824 1941 Nymphae
846 1860 1063 1919 mirantur
1093 1861 1137 1918 iu
1160 1861 1324 1919 undis:

138 1953 335 2011 Miratur
357 1973 487 2033 pater
507 1957 723 2012 Oceanus
744 2000 758 2022 ‚
782 1952 833 2012 ἅ
855 1954 1044 2012 candida
1059 1953 1222 2012 Thetis
1237 1998 1254 2022 ‚

141 2047 199 2103 Et
221 2046 408 2125 cupidas
434 2047 584 2104 secum
609 2047 786 2127 rapiens
812 2048 1003 2105 Galatea
1027 2047 1242 2105 sorores:

139 2137 221 2194 Illa
241 2137 378 2195 etiam
396 2181 412 2204 ‚
435 2137 594 2214 junffis
626 2160 840 2217 magnum
866 2161 971 2216 quae
996 2137 1192 2217 piscibus
1215 2161 1381 2218 aequor

140 2234 199 2288 Et
223 2233 391 2311 glauco
416 2231 638 2312 bipedum
666 2255 796 2289 curru
824 2231 1008 2289 metitur
1035 2253 1263 2309 equorum
1284 2277 1300 2300 ‚

141 2324 411 2381 Leucothee
431 2368 445 2390 ‚
469 2323 727 2402 parvusque
751 2328 850 2382 Dea
878 2347 980 2381 cum
1007 2343 1150 2382 matre
1176 2324 1432 2382 Palaemon.'

140 2413 215 2472 Illi
239 2414 374 2471 etiam
392 2458 408 2480 ‚
429 2415 626 2471 alternas
649 2413 797 2471 sortiti
820 2414 976 2472 vivere
1000 2415 1124 2471 luces
1143 2457 1158 2481 ‚

141 2508 258 2564 Cara
282 2505 407 2566 Jovis
430 2504 650 2572 soboles.,
676 2526 892 2582 magnum
919 2504 1042 2563 Jovis
1068 2504 1436 2575 incrementum,⁴

138 2596 422 2676 Tyndaridae
446 2595 609 2653 niveos
636 2595 855 2652 mirantur
877 2594 1067 2673 virginis
1086 2613 1222 2651 artus.

141 2691 234 2746 Has
256 2689 376 2746 adeo
400 2711 544 2746 voces
563 2732 577 2754 ‚
599 2709 737 2767 atque
759 2686 859 2744 haec
881 2687 1073 2743 lamenta
1096 2709 1181 2766 per
1203 2709 1332 2746 auras

140 2781 372 2840 Fluctibus
397 2780 442 2838 in
466 2781 626 2839 mediis
649 2781 805 2859 questu
828 2778 1049 2839 volvebat
1072 2776 1227 2847 inani,

142 2873 216 2929 Ad
241 2872 410 2930 coelum
433 2871 593 2929 infelix
615 2872 820 2930 ardentia
843 2871 1011 2929 lumina
1032 2871 1206 2928 tollens
1223 2914 1239 2938 ‚

145 2966 360 3024 Lumina:
387 2988 487 3023 nam
509 2984 684 3024 teneras
708 2965 921 3023 arcebant
940 2963 1127 3021 vincula
1151 2964 1341 3043 palmam

147 3056 426 3139 Supprimite
447 3083 478 3119 ο
499 3058 684 3139 paulum
708 3056 873 3116 turbati
894 3054 1077 3116 flamina
1098 3057 1267 3123 venti,

1665 191 1747 258 31'

1629 424 1737 482 375

1629 866 1745 933 380

1632 2251 1741 2310 395

1628 2709 1746 2769 400
