2165 3792
456 246 535 308 ἰε
891 252 960 308 P.
1049 221 1656 309 VJR‘GJLJJ

456 383 742 459 Purpureum
758 380 898 458 patris
921 380 1173 440 demfiffem
1193 382 1371 440 vertice
1396 383 1570 441 crinem
1586 429 1604 452 ‚

457 475 552 526 Ant
568 468 680 526 mihi
699 469 913 550 praesenti
933 471 1208 551 peperiffem
1228 472 1419 529 vulnere
1446 471 1606 530 letum.

539 560 631 619 Vix
656 561 754 619 haec
781 563 987 620 ediderat
1004 608 1020 631 .,
1045 585 1147 619 cum
1173 563 1303 619 clade
1328 562 1541 621 exterrita
1561 563 1677 624 tristi

454 652 673 708 Intonsos
698 653 849 710 multo
876 654 1085 730 deturpat
1108 652 1302 730 pulvere
1324 651 1473 708 crines
1490 694 1507 716 ‚

455 742 517 796 Et
540 740 741 819 graviter
763 741 920 820 questu
946 744 1112 797 Carme
1137 741 1405 819 complorat
1431 737 1576 795 anili:

454 832 505 888 O
527 831 634 888 mihi
660 853 779 888 nunc
805 829 971 887 iterum
996 828 1194 886 crudelis
1220 828 1400 885 reddite
1425 827 1590 884 Minos
1609 871 1631 895 ‚

455 924 506 978 O
527 920 691 977 iterum
717 921 881 977 nostrae
901 920 1069 977 Minos
1091 918 1278 976 inimice
1303 920 1497 976 seneRae
1509 963 1533 990 ‚.

455 1016 655 1091 Semper
680 1011 728 1069 &L
748 1055 763 1078 ‚
784 1033 860 1068 aut
890 1010 1003 1067 olim
1030 1031 1132 1067 nata
1155 1034 1185 1067 o
1212 1029 1257 1066 te
1277 1029 1471 1088 propter
1495 1009 1724 1078 eundem-4

457 1108 555 1159 Aut
575 1124 710 1158 amor
734 1101 906 1158 insanae
929 1101 1097 1157 lussum
1122 1099 1327 1178 portavit
1352 1100 1563 1157 alumnae.

457 1196 595 1251 Tene
613 1215 708 1270 ego
732 1213 821 1250 tam
846 1194 992 1272 longe
1014 1211 1143 1271 capta
1165 1210 1302 1269 atque
1328 1190 1485 1247 ave&a
1509 1188 1735 1268 nequivi,

459 1286 576 1341 Tam
603 1306 738 1363 grave
762 1282 996 1341 servitium
1013 1329 1027 1351 ‚
1052 1304 1142 1340 tam
1168 1283 1310 1340 duros
1336 1281 1455 1360 paffa
1477 1281 1660 1338 labores
1679 1323 1696 1347 ‚

464 1375 690 1452 Effizgere
711 1419 727 1441 ‚
750 1395 800 1431 nt
825 1374 967 1431 sistam
992 1374 1185 1432 exitium
1211 1373 1398 1431 crudele
1423 1379 1668 1430 meorum?

459 1470 556 1525 Jam
578 1466 668 1544 jam
693 1489 777 1523 nec
804 1466 940 1524 nobis
964 1488 1048 1533 ea,
1068 1488 1171 1545 quae
1195 1461 1486 1532 senioribus,
1511 1463 1665 1521 nilum,

463 1556 627 1636 Copia
656 1557 848 1614 vivendi
874 1558 980 1615 vitae
1005 1579 1165 1636 genus.
1193 1560 1257 1612 Ut
1279 1555 1389 1633 quid
1415 1577 1509 1634 ego
1534 1577 1691 1611 amens

462 1650 538 1704 Te
562 1666 720 1726 erepta
737 1691 753 1714 ‚
780 1671 809 1705 o
832 1646 1128 1712 Britomarti,
1149 1669 1266 1704 meae
1287 1645 1389 1724 spes
1411 1669 1498 1702 una
1521 1644 1672 1702 salutis
1691 1687 1709 1711 ‚

459 1740 539 1797 Te
555 1782 571 1805 ‚
592 1737 888 1806 Britomarti,
912 1737 1037 1794 diem
1063 1736 1199 1815 potui
1221 1737 1485 1816 producere
1507 1735 1650 1792 vitae?

461 1831 623 1908 'Atque
649 1828 823 1887 utinam
847 1829 1009 1886 Cereri
1026 1872 1040 1895 ,
1068 1850 1153 1884 nec
1179 1847 1353 1884 tantum
1380 1846 1506 1906 grata
1531 1826 1694 1884 Dianae

464 1926 672 1979 Venatus
696 1921 809 1978 effes
830 1920 969 1997 virgo
992 1919 1156 1977 senata
1178 1916 1391 1976 virorum
1406 1961 1422 1984 ‚

468 2014 658 2071 Cnoffia
680 2037 769 2070 neu
796 2012 963 2071 Partho
989 2011 1272 2069 contendens
1296 2009 1466 2089 spicula
1483 2029 1633 2066 cornu

469 2104 670 2162 Difweas
693 2126 856 2183 ageres
881 2104 935 2160 ad
964 2101 1169 2181 gramina
1194 2121 1305 2159 nota
1329 2102 1556 2180 capellas:

474 2199 722 2275 Nunquam
743 2240 757 2262 ‚
781 2218 870 2252 tam
899 2193 1073 2252 obnixe
1098 2194 1282 2274 fugiens
1302 2191 1483 2249 Minois
1505 2203 1718 2258 amores3

470 2293 689 2367 Praeceps
712 2286 857 2345 aereis
882 2287 1067 2366 specula
1089 2288 1147 2342 de
1175 2286 1415 2343 montibus
1432 2283 1559 2340 isses:

471 2381 615 2435 Unde
635 2377 712 2435 alii
734 2376 897 2457 fugisse
919 2376 1100 2443 ferunt,
1126 2375 1175 2435 &
1200 2376 1386 2433 numina
1412 2374 1585 2432 Phocae

467 2469 679 2549 Virginis
704 2470 967 2548 adfignant:
991 2468 1100 2534 alii,
1126 2492 1222 2547 quo
1246 2468 1407 2527 notior
1427 2468 1575 2535 effes,

471 2561 758 2639 DiRynnam
785 2559 944 2616 dixere
970 2578 1052 2616 tuo
1076 2559 1134 2616 de
1160 2559 1352 2617 nomine
1375 2563 1566 2618 Lunam.

473 2652 578 2709 Sint
599 2653 694 2709 haec
721 2675 828 2709 vera
847 2652 1012 2710 velim:
1037 2650 1147 2708 mihi
1172 2671 1298 2709 certe
1315 2696 1331 2718 ‚
1354 2672 1490 2730 gnata
1507 2695 1522 2718 ‚
1547 2649 1720 2730 peristi.

470 2748 726 2824 Nunquam
748 2767 842 2824 ego
869 2763 914 2801 te
937 2744 1115 2800 summo
1140 2744 1417 2802 volitantem
1441 2744 1488 2801 in
1506 2743 1679 2803 vertice
1706 2741 1883 2803 montis

473 2839 724 2914 Hyrcanos
745 2835 864 2892 inter
885 2834 1080 2893 comites
1103 2857 1365 2914 agmenque
1386 2836 1586 2894 ferarum

480 2925 786 3004 Conspiciam
805 2970 821 2992 ,
856 2949 940 2984 nec
963 2946 1010 2984 te
1035 2927 1306 2985 redeuntem
1329 2929 1539 3007 amplexa
1562 2926 1756 2986 tenebo·

475 3021 655 3076 tVerum
679 3017 779 3075 haec
800 3041 896 3076 tum
920 3017 1058 3076 nobis
1081 3019 1234 3099 gravia
1256 3037 1392 3098 atque
1416 3019 1602 3100 indigna
1625 3019 1755 3076 fuere
1768 3062 1793 3086 ,,

481 3112 606 3172 Tum
623 3150 643 3185 2
665 3133 765 3172 mea
788 3112 967 3170 alumna
986 3155 1002 3182 ‚
1021 3111 1087 3171 tui
1114 3135 1216 3172 cum
1238 3111 1340 3193 spes
1363 3112 1541 3193 integra
1563 3130 1803 3181 manetet3

1955 745 2063 817 285

1957 1208 2072 1261 290

1975 2116 2089 2169 300

1975 2577 2087 2637 ,Οἳ

1974 3039 2094 3090 319Α
