2165 3792
607 208 1006 275 'LIBER
1108 226 1224 280 IV.

118 340 268 418 'Quod
289 342 487 421 superest
504 386 521 410 ‚
545 341 627 422 ipsi
654 344 862 403 sumunt:
887 368 1029 427 utque
1057 353 1173 409 orbe
1196 353 1402 413 seruntur

114 434 370 499 Extrem0‚⁴
392 433 451 490 fic
474 432 523 490 ἃ
548 433 680 490 sortis
703 457 803 513 pars
830 435 990 495 ultima
1015 440 1157 499 cedit.

111 524 226 578 Haec
248 523 364 582 ratio
390 524 559 604 retegit
582 525 794 584 latitantis
817 528 990 587 robora
1011 532 1165 589 mundi
1187 576 1202 599 ‚

110 617 161 671 In
185 615 431 695 pluresque
452 618 623 677 modos
641 621 926 701 repetitaque
952 625 1140 682 nomina
1159 626 1330 684 coelum

106 704 316 776 Dividit,
342 709 391 768 ὅ(
412 709 575 768 melius
600 711 743 769 sociat
762 736 953 792 quoque
978 715 1139 796 saepius
1164 719 1342 776 orbem.

106 795 211 852 Nec
236 819 310 858 tua
331 801 411 858 sub
435 800 578 858 titulis
600 801 813 860 fallantur
832 805 1020 882 pe&ora
1043 808 1197 866 notis:

101 893 422 958 Diffimulant‚
442 915 537 950 non
565 892 810 951 ostendunt
832 896 1100 954 mortalibus
1121 898 1246 956 astra.

100 984 256 1045 Altius
281 984 343 1042 est
362 983 480 1042 acies
501 982 636 1041 animi
660 985 879 1043 mittenda
899 988 1067 1066 sagacis
1085 1015 1099 1055 ;

99 1080 248 1155 Inque
271 1075 365 1134 alio
392 1075 638 1155 quaerenda
661 1095 841 1144 manet,
865 1077 1125 1158 junffisqne
1148 1081 1431 1161 sequendum

97 1166 314 1224 Viribus:
338 1166 387 1225 δε
411 1167 537 1245 cujus
557 1165 668 1245 signi
692 1166 792 1245 quis
819 1189 947 1245 parte
968 1189 1144 1226 creatur
1162 1216 1178 1238 ‚

97 1257 208 1334 Ejus
229 1256 364 1315 habet
383 1279 537 1314 mores
557 1302 572 1324 ,
594 1274 727 1335 atque
751 1256 836 1313 illo
863 1257 1058 1315 nascitur
1080 1259 1216 1317 astro,

95 1348 222 1405 Talis
243 1370 326 1427 per
348 1348 486 1405 denas
511 1346 655 1404 sortes
683 1367 835 1405 natura
858 1346 1044 1406 feretur.

86 1439 238 1496 Testis
258 1439 344 1498 erit
365 1439 508 1498 varius
530 1439 610 1497 sub
631 1441 801 1497 eodem
824 1438 970 1497 fidere
994 1440 1133 1498 foetus
1149 1487 1164 1510 ‚

88 1533 333 1613 Quodque
354 1532 399 1590 in
420 1553 509 1590 tam
530 1531 682 1589 multis
702 1530 983 1590 animantum
1003 1533 1204 1591 millibus
1220 1579 1235 1603 .,
1257 1559 1352 1595 uno

86 1627 213 1699 Quae
235 1623 424 1680 veniunt
447 1621 581 1702 signo
601 1666 617 1689 ‚
642 1640 714 1679 tot
737 1621 864 1690 sunt,
888 1642 1006 1701 quot
1027 1647 1229 1703 corpora
1250 1669 1264 1693 ‚
1289 1650 1472 1697 mores3

85 1714 146 1770 Et
166 1735 307 1792 genus
333 1731 573 1770 externum
595 1711 803 1769 referunt
824 1711 972 1770 aliena
997 1736 1081 1792 per
1103 1715 1212 1773 astra
1227 1758 1242 1781 ‚
1330 1710 1332 1715 ¹

77 1803 374 1883 Consufique
398 1803 550 1862 fluunt
568 1823 721 1883 partus
742 1801 981 1861 hominum
1002 1826 1139 1883 atque
1163 1806 1376 1864 ferarum.

77 1895 267 1954 Scilicet
285 1897 330 1954 in
353 1916 503 1978 partes
524 1898 779 1977 junguntur
801 1895 989 1954 condita
1015 1898 1172 1976 plures
1188 1944 1203 1966 ‚

76 1987 388 2068 Diversasque
412 1989 561 2047 ferunt
581 1987 777 2068 proprio
806 1987 887 2044 sub
910 1987 1102 2045 nomine
1124 1989 1270 2070 leges.

75 2080 181 2137 Nec
205 2099 376 2138 tantum
406 2082 525 2138 lanas
550 2080 678 2138 Aries
696 2125 711 2147 ‚
736 2103 823 2137 nec
847 2083 1023 2136 Taurus
1048 2100 1191 2138 aratra
1210 2125 1225 2148 ‚

73 2169 180 2225 Nec
205 2171 392 2229 Gemini
418 2171 572 2229 Musas
590 2216 606 2239 ,
630 2195 716 2229 nec
738 2193 913 2229 merces
939 2173 1118 2228 Cancer
1140 2171 1343 2239 amabi&

71 2258 177 2315 Nec
202 2262 296 2318 Leo
319 2282 516 2319 venator
536 2261 728 2329 veniet,
755 2283 840 2319 nec
862 2260 1014 2340 Virgo
1038 2261 1243 2341 magistra
1263 2308 1279 2331 ‚

70 2349 306 2408 Mensuris
326 2370 401 2407 aut
421 2351 551 2408 Libra
577 2373 749 2430 potens
768 2397 782 2417 ‚
805 2376 879 2409 aut
901 2352 1126 2432 Scorpios
1150 2354 1282 2411 armis
1300 2398 1317 2421 ‚

69 2441 418 2519 Centaurusque
443 2440 550 2497 feris
568 2487 582 2509 ‚
607 2441 706 2520 igni
731 2441 1044 2519 Capricornus
1063 2486 1077 2508 ‚
1105 2442 1154 2500 ὅ(
1174 2443 1310 2500 undis

64 2529 168 2608 Ipse
191 2529 277 2587 suis
297 2530 482 2588 Iuvenis
504 2574 519 2596 ,
543 2530 813 2609 geminique
841 2552 924 2608 per
944 2551 1135 2607 aequora
1155 2532 1337 2601 Pisces;

64 2622 217 2681 Mixta
241 2622 318 2680 sed
340 2622 384 2678 in
412 2624 566 2702 plures
593 2621 827 2679 sociantur
851 2621 994 2678 sidera
1016 2622 1153 2680 vires,

61 2715 269 2772 Multum
288 2759 302 2782 ,
330 2713 483 2793 inquis
502 2759 516 2781 ‚
541 2736 819 2793 tenuemque
845 2714 975 2791 jubes
998 2735 1072 2770 me
1092 2714 1212 2773 ferre
1234 2715 1440 2775 laborem
1458 2762 1474 2785 ,

63 2811 273 2865 Cernere
298 2831 400 2865 cum
423 2807 544 2865 facili
569 2809 718 2865 lucem
744 2808 925 2865 ratione
947 2807 1143 2864 viderer.

60 2900 212 2972 Quod
238 2899 403 2978 quaeris
422 2943 436 2965 ‚
460 2904 585 2956 Deus
610 2900 683 2957 est.
712 2898 908 2956 Conaris
933 2899 1152 2959 scandere
1177 2901 1347 2960 coelum
1366 2945 1382 2970 ‚

58 2993 257 3068 Fataque
282 2990 402 3047 fatali
425 2990 608 3068 genitus
629 2991 924 3071 cognoscere
949 2991 1056 3070 lege
1078 3033 1094 3057 ‚

58 3081 116 3136 Et
139 3079 321 3139 transire
342 3100 467 3139 tuum
494 3082 652 3161 pefins
670 3127 683 3150 ‚
706 3083 977 3163 mundoque
1002 3078 1175 3160 potiri?

1519 312 1525 320 ¹
1605 242 1711 306 ¹55

1592 730 1700 797 365

1589 1197 1703 1247 370

1577 1648 1682 1704 375

1568 2092 1679 2156 380

1562 2540 1666 2609 385

1551 3017 1661 3070 390
