2165 3792
611 188 1004 245 LIBER
1087 164 1174 251 ῙΙ.
1555 196 1668 268 ἰος

77 317 162 376 Ηίς
185 315 273 376 orti
295 315 460 374 similes
485 315 690 375 referunt
715 339 799 397 per
819 335 970 374 mutua
992 315 1146 373 sensus
1158 325 1182 384 ,‘

75 408 250 467 Audire
272 429 321 465 ut
343 406 531 488 cupiant
553 409 669 466 alios
686 452 703 476 ‚
729 407 940 487 aliosque
961 406 1150 466 videre:

75 502 255 556 Horum
279 499 392 557 odio
412 544 427 567 ,
451 521 571 565 nunc
595 499 759 556 horum
781 497 919 556 iidem
943 500 1164 555 ducantur
1184 518 1376 556 amore:

72 590 168 648 Illis
191 588 367 647 infidias
389 591 609 657 tendant,
631 610 874 669 captentur
895 589 951 646 ab
973 587 1077 646 illis.

156 679 285 756 Quin
310 680 497 737 adversa
519 701 669 737 meant
695 679 743 737 St
767 699 865 737 tota
895 678 1081 758 trigona
1107 677 1337 760 trigonis:
1572 702 1684 758 520

69 770 320 849 Alteraque
340 768 382 827 in
409 771 580 828 bellum
607 770 788 829 diverso
814 770 959 828 limite
982 769 1108 828 ducit

66 862 220 919 Linea.
247 861 320 919 Sic
344 861 439 920 veri
465 885 545 941 per
566 882 717 920 totum
742 863 969 921 consonat
996 864 1136 922 ordo.

68 957 282 1034 Namque
306 955 438 1013 Aries
457 999 470 1016 ,
498 958 592 1013 Leo
613 1000 626 1020 .,
651 954 701 1014 &
729 955 999 1013 Arcitenens
1016 1001 1031 1023 ‚
1057 955 1226 1014 sociata
1251 956 1448 1036 trigono

65 1047 236 1126 Signa,
266 1068 437 1128 negant
463 1048 621 1105 Chelis
649 1047 802 1104 foedus
826 1047 1009 1127 totique
1033 1050 1259 1128 trigon0‚

65 1140 214 1213 Quod
240 1139 428 1197 Gemini
453 1139 693 1219 excipiunt
714 1138 910 1196 fundens
937 1139 986 1198 δε
1007 1140 1232 1219 Aquarius
1252 1142 1414 1200 undas.
1568 1163 1673 1220 525

62 1230 209 1308 quue
231 1231 403 1308 duplex
427 1229 543 1288 ratio
571 1228 703 1301 cogit
727 1252 886 1287 verum
909 1230 1000 1287 effe
1024 1229 1155 1289 fateri
1176 1256 1188 1288 t

64 1321 214 1393 Quod
240 1321 320 1378 tria
347 1320 466 1401 signa
488 1319 629 1377 tribus
649 1318 786 1399 {ignis
808 1321 1036 1379 contraria
1060 1322 1272 1402 fulgent,

63 1408 311 1487 Quodque
335 1426 504 1464 aeterna
530 1429 712 1465 manent
733 1407 970 1466 hominum
997 1409 1118 1468 bella
1138 1431 1277 1491 atque
1300 1412 1532 1482 serarum3

60 1504 272 1560 Humana
294 1501 354 1558 est
380 1499 516 1556 facies
540 1500 685 1557 Librae
703 1545 718 1568 ‚
748 1499 924 1558 diversa
952 1501 1133 1559 Leonis.

61 1593 246 1651 Idcirco
273 1591 321 1649 ἃ
347 1592 516 1648 cedunt
539 1590 770 1668 pecudes:
798 1590 927 1668 quod
955 1591 1126 1648 viribus
1146 1591 1308 1671 amplis
1565 1614 1677 1671 530

59 1683 321 1742 Consilium
349 1685 410 1742 est
431 1684 588 1762 majus.
616 1681 770 1739 Vistus
795 1686 891 1741 Leo
915 1682 1066 1761 fulget
1087 1682 1135 1742 in
1157 1684 1277 1743 astris
1299 1710 1311 1741 τ

57 1779 212 1834 Aurea
232 1774 462 1854 Lanigero
487 1772 708 1832 conceffit
728 1771 872 1830 fidera
898 1772 1050 1852 pellis.

56 1865 158 1946 Ipse
179 1867 268 1924 suae
291 1865 430 1945 partis
454 1867 713 1922 Centaurus
740 1884 932 1943 tergore
956 1863 1096 1921 cedit.

57 1957 217 2036 Usque
238 1957 358 2014 adeo
388 1955 451 2013 est
476 1956 673 2013 hominis
697 1955 843 2014 vibius
861 2000 876 2028 ,
900 1955 1031 2035 quod
1057 1954 1197 2015 mirer
1219 1957 1275 2016 ab
1299 1957 1390 2018 illis

55 2045 298 2105 Nascentis
319 2045 467 2104 Librae
488 2045 688 2126 superari
715 2045 846 2126 poffe
868 2045 1123 2125 trigonum.
1561 2068 1664 2127 535

54 2139 188 2216 Quin
210 2138 347 2197 etiam
368 2137 560 2198 brevior
582 2138 698 2197 ratio
721 2139 783 2196 est
808 2161 891 2219 per
911 2137 1036 2218 signa
1061 2138 1313 2218 sequenda.

52 2232 172 2288 Nam
194 2252 483 2309 quaecunque
507 2230 653 2288 nitent
678 2229 873 2287 humana
898 2229 1090 2287 condita
1114 2230 1266 2288 forma

54 2322 212 2386 Astra,
237 2343 424 2378 manent
448 2320 536 2377 illis
557 2320 742 2378 inimica
770 2320 819 2379 δι
841 2321 957 2379 vista
978 2320 1191 2378 ferarum.

50 2411 146 2468 Sed
169 2429 315 2467 tamen
346 2409 392 2466 in
422 2409 635 2488 proprias
662 2409 884 2466 secedunt
908 2409 1084 2487 singula
1108 2428 1319 2478 mentes,

53 2508 112 2562 Et
136 2503 312 2583 privata
335 2524 500 2582 gerunt
527 2500 712 2559 secretis
737 2500 940 2558 hostibus
961 2524 1098 2559 arma.
1555 2519 1668 2579 540·

51 2593 281 2674 Lanigero
305 2592 473 2673 genitis
496 2593 671 2649 bellum
698 2591 759 2648 est
787 2614 889 2648 cum
912 2590 1109 2672 Virgine
1134 2592 1280 2659 natis‚‘

51 2689 111 2744 Et
132 2686 262 2743 Libra
281 2731 296 2752 .‚
323 2684 372 2742 ἃ
396 2683 608 2742 Geminis
627 2729 642 2752 .,
667 2683 816 2742 Pisces
843 2707 960 2764 quos
985 2685 1182 2763 protulit
1207 2685 1343 2744 unda.

49 2781 101 2836 In
128 2796 279 2854 partus
301 2775 443 2833 Tauri
466 2775 544 2833 sub
569 2778 756 2834 Cancro
782 2796 880 2833 nata
903 2775 1110 2833 feruntur

51 2869 246 2930 Pectora
264 2914 280 2936 ‚
302 2867 353 2926 ὅ(
376 2867 422 2925 in
445 2867 606 2930 Chelis
626 2912 641 2932 ,
666 2866 717 2926 8:
741 2891 845 2948 quae
866 2869 942 2925 dat
961 2867 1184 2948 Scorpios
1205 2882 1346 2939 acerg

51 2962 109 3017 Et
134 2959 298 3017 Pisces.
327 2967 386 3018 At
409 2982 530 3039 quos
552 2960 858 3018 Geminorum
884 2959 1025 3017 fidera
1047 2961 1282 3028 formant,
1548 2978 1654 3038 545

49 3049 135 3110 nis
155 3072 256 3112 cum
279 3049 511 3132 Lanigero
531 3049 708 3110 bellum
729 3048 793 3109 est
811 3094 829 3122 ‚
849 3049 1041 3129 ejusque
1067 3048 1277 3132 trigono.
