2165 3792
498 222 609 280 218
897 222 1612 284 P.V1RG1L11
1899 263 1906 294 1

492 378 706 431 tempore
732 357 897 432 Persce
922 357 1210 430 inferebant
1222 405 1242 431 ,
1270 362 1499 417 exhiberi
1510 384 1607 435 per
1625 362 1850 436 virgines
1873 364 1933 418 de
1960 384 2098 420 more

476 447 637 520 sacra
657 471 762 503 non
778 447 1000 527 poffint.
1023 455 1145 508 Alii
1167 456 1232 508 ab
1255 453 1418 532 Oreste
1438 457 1572 509 circa
1597 455 1839 508 Siciliam
1859 441 2016 530 vago,
2038 457 2102 511 id

485 560 650 615 genus
692 545 940 599 carminis
976 546 1179 601 Diance
1214 549 1468 603 redditum
1494 551 1772 621 loquuntur
1798 568 1894 620 per
1927 547 2095 620 ipfitm

490 650 639 706 atque
660 635 884 716 pastores
899 657 918 690 .·
940 658 1040 710 quo
1061 658 1277 710 tempore
1301 641 1362 694 de
1385 640 1605 713 Scythia
1640 659 1752 693 cum
1774 638 1979 711 Pylade
1989 637 2096 709 fit-

488 743 633 798 gerat
646 766 665 808 ‚⁹
680 726 916 800 fiirrepto
959 732 1197 784 numinis
1214 730 1504 808 simulacro
1522 772 1540 801 ,
1577 726 1628 787 6¹
1668 733 1825 785 celato
1867 731 1923 784 in
1948 727 2098 803 fasce
2163 733 2165 735 ’

488 817 766 890 lignorum.
799 820 958 872 Unde
978 819 1291 892 Fascelidem
1313 822 1563 877 Dianam
1590 823 1859 897 perhibent
1889 842 2097 876 nuncu-

477 927 667 982 patam
691 931 710 964 :
733 912 882 982 apud
899 908 1051 980 cujus
1075 933 1199 967 aras
1227 913 1418 994 Orestes
1430 935 1527 986 per
1531 914 1847 988 sacerdotem
1865 911 2095 982 ejusdem

485 1001 723 1054 numinis
749 1003 1078 1076 Iphigeniam
1101 1002 1333 1076 fhrorem
1356 1003 1516 1077 fitam
1558 1027 1593 1059 a
1615 1005 1915 1078 parricidio
1916 1000 2100 1073 fuerat

485 1095 747 1166 expiatus,
776 1098 896 1151 Alii
920 1100 1171 1171 Apollini
1192 1100 1389 1153 Nomio
1410 1135 1428 1165 ,
1445 1098 1700 1179 pastorali
1708 1097 1912 1171 scilicet
1936 1096 2059 1151 Deo
2076 1138 2096 1165 ‚

485 1208 586 1260 qua
635 1190 911 1271 tempestate
952 1193 1170 1247 Admeti
1212 1193 1361 1247 boves
1407 1210 1642 1264 paverat.
1702 1192 1828 1245 Alii
1866 1189 2046 1244 Libero
2077 1229 2095 1256 9

486 1279 862 1353 Nympharum
872 1281 1107 1355 scilicet,
1131 1280 1183 1339 ὃ)
1207 1287 1514 1358 Satyrorum
1533 1325 1552 1352 ,
1580 1278 1631 1339 6·
1655 1285 1715 1337 id
1731 1302 1889 1357 genus
1914 1283 2094 1336 numi-

488 1391 616 1424 num
653 1374 890 1445 principi
916 1416 936 1441 ,
975 1376 1157 1446 quibus
1185 1379 1363 1448 placet
1398 1376 1632 1455 rusticum
1681 1395 1898 1428 carmen.
1970 1373 2096 1427 Alii
2162 1381 2165 1392 ⁴

486 1461 748 1515 Mercurio
770 1461 1091 1535 Daphnidis
1099 1469 1248 1539 patri
1261 1509 1281 1534 ,
1296 1464 1562 1546 pastorum
1590 1467 1822 1520 omnium
1836 1465 2095 1537 principi,

488 1547 543 1607 ‘S‘
574 1553 720 1624 apud
747 1553 1069 1610 Theocritum
1088 1599 1104 1626 ‚
1129 1553 1181 1612 ὅ»
1207 1555 1355 1631 apud
1372 1560 1508 1612 hunc
1540 1555 1705 1631 ipsum
1720 1575 1946 1631 poetam.
1971 1556 2097 1609 Alii

486 1643 544 1696 in
580 1643 819 1697 honorem
852 1646 1032 1701 Panos
1055 1645 1221 1719 scribi
1242 1667 1442 1722 putant
1465 1650 1794 1724 peculiariter
1814 1646 2095 1726 pastoralis

487 1733 603 1786 Dei
619 1774 635 1797 ,
660 1736 776 1788 item
795 1738 963 1791 Sileni
980 1779 998 1804 ,
1024 1740 1239 1794 Silvani
1255 1783 1277 1810 ‚
1307 1759 1453 1814 atque
1478 1743 1797 1796 Faunorum.
1827 1740 1960 1813 Quae
1981 1761 2095 1794 cum

487 1826 666 1876 ofmia
705 1827 979 1894 dicantur,
1023 1832 1161 1883 illud
1193 1831 1751 1908 erit‚probatiffimum‚
1786 1832 2093 1885 Bucolicum

487 1934 689 1968 carmen
714 1918 960 1990 originem
982 1920 1155 1972 ducere
1177 1941 1209 1972 a
1223 1919 1415 1992 priscis
1435 1923 1740 1994 temporibus
1757 1963 1778 1990 ,
1803 1922 1988 1995 quibus
2012 1921 2094 1976 vi·-

486 2007 830 2087 tapasforalis
852 2012 1071 2064 exercita
1100 2030 1240 2065 erat:
1268 2007 1320 2066 δ’
1342 2013 1455 2066 ideo
1483 2015 1621 2067 velut
1639 2015 1780 2068 aurei
1794 2011 2091 2085 seculispev-

489 2098 612 2150 ciem
645 2100 701 2177 isi
730 2098 982 2172 ejusmodi
1008 2100 1346 2173 personarum
1363 2100 1701 2179 fimplicitate
1737 2099 2010 2176 cognosci:
2039 2096 2092 2155 δ’

486 2191 660 2243 merito
703 2193 1015 2265 Virgilium,
1048 2189 1392 2269 proceffitrum
1436 2197 1513 2248 ad
1546 2196 1658 2249 alia
1687 2195 1959 2262 carmina,
1982 2215 2091 2249 non

487 2282 700 2335 aliunde
727 2279 940 2359 coepiſj'e3
959 2282 1067 2361 nist
1084 2287 1149 2339 ab
1173 2307 1231 2339 ea
1252 2287 1383 2353 vita,
1404 2307 1508 2359 quae
1524 2289 1701 2359 prima
1725 2288 1782 2341 in
1806 2287 1948 2341 terris
1955 2284 2089 2356 fuit.

486 2373 631 2427 Nam
650 2374 826 2455 postea
865 2396 984 2430 rura
1010 2380 1182 2445 culta,
1208 2372 1260 2432 δ’
1284 2379 1360 2431 ad
1380 2378 1685 2459 postremum
1713 2400 1814 2451 pro
1852 2379 2004 2431 cultis
2037 2373 2090 2431 ἅ

473 2460 740 2533 feracibus
774 2467 918 2520 terris
953 2468 1084 2522 bella
1099 2467 1339 2541 suscepta
1363 2491 1382 2523 .·
1421 2471 1563 2543 quod
1592 2470 1796 2527 videtur
1828 2469 2090 2543 Virgilius

484 2556 545 2608 in
566 2553 677 2627 ipso
713 2557 891 2612 ordine
914 2580 1117 2632 operum
1139 2559 1358 2633 sitorum
1395 2556 1603 2635 voluiffe
1627 2560 1898 2642 monstrare
1918 2602 1938 2627 ‚
1975 2581 2088 2613 cum

477 2645 702 2726 pastores
715 2650 891 2720 primo
913 2693 934 2720 ,
959 2652 1140 2706 deinde
1164 2653 1422 2726 agricolas
1459 2653 1603 2707 canit
1620 2692 1639 2722 ‚
1668 2647 1721 2707 δ’
1742 2653 1818 2707 ad
1843 2651 2085 2707 ultimum

484 2736 761 2794 bellatores·

568 2902 754 2960 XXII.
798 2904 976 2987 Restat
992 2947 1011 2973 ,
1042 2922 1131 2975 ut,
1166 2926 1272 2978 quae
1311 2904 1466 2979 causa
1505 2910 1819 2963 voluntatem
1859 2908 2086 2961 attulerit

478 3013 639 3070 poetce
663 2996 915 3051 Bucolica
923 2995 1245 3074 potiſjimum
1251 2995 1542 3070 scribendi,
1566 2996 1942 3076 consideremus.
1965 3002 2086 3053 Aut

488 3087 623 3147 enim
657 3088 918 3146 dulcedine
953 3091 1200 3146 carminis
1228 3091 1481 3148 Theocriti
1518 3087 1571 3148 δ’
1599 3092 1943 3148 admiratione
1969 3087 2083 3162 ejus
