2165 3792
481 223 562 287 94
769 286 772 289 ι
918 182 1007 262 M.
1089 203 1651 268 MANJLJJ

477 335 610 412 Quin
634 334 770 394 etiam
794 334 1007 417 Erigone
1029 336 1147 395 binis
1175 354 1436 410 numeratur
1460 341 1504 397 in
1526 339 1649 398 astris
1667 366 1683 397 :.

473 430 583 485 Hoc
603 427 744 484 faciet.
765 427 880 485 ratio
907 427 1109 507 duplex:
1136 452 1236 486 nam
1260 427 1426 487 definit
1449 432 1573 488 aestas
1589 475 1604 498 ‚

473 517 642 597 Incipit
667 540 936 597 autumnus,
959 518 1109 576 media
1132 520 1211 576 sub
1238 519 1435 598 Virgine
1461 521 1694 602 utrinque.

474 609 660 666 Idcirco
686 609 901 689 Tropicis
928 609 1194 689 praecedunt
1220 609 1434 667 omnibus
1459 613 1568 669 astra

471 702 586 760 Bina
605 729 619 770 3
641 724 692 760 ut
717 704 946 784 Lanigero
967 747 982 769 ,
1008 701 1169 760 Chelis
1188 747 1203 770 .,
1229 707 1515 790 Cancroque
1532 748 1547 769 .‚
1574 708 1859 783 Caproque3

471 797 624 870 Quod
645 797 854 874 duplices
879 795 1078 852 retinent
1100 818 1324 854 connexo
1349 815 1562 877 tempore
1584 796 1722 855 vires.

470 891 568 955 Ut,
590 913 709 968 quos
733 887 1021 966 subsequitur
1042 890 1222 945 Cancer
1243 911 1328 968 per
1350 889 1492 947 sidera
1512 894 1689 948 Fratres
1705 933 1722 957 ‚

470 978 510 1034 E
535 980 744 1036 Geminis
767 979 879 1036 alter
900 978 1120 1035 florentia
1144 998 1357 1057 tempora
1379 981 1501 1037 veris

469 1072 677 1139 Sufficit3
698 1072 896 1129 aestatem
916 1069 1138 1129 sitientem
1158 1071 1373 1150 provehit
1395 1073 1526 1129 alter.

470 1162 637 1219 Nudus
659 1182 854 1241 uterque
879 1181 1028 1219 tamen
1050 1206 1064 1228 ,
1091 1160 1230 1218 sentit
1253 1162 1356 1241 quia
1380 1181 1574 1242 uterque
1598 1163 1831 1230 calorem;

469 1254 557 1311 Ille
582 1254 858 1312 senescentis
880 1253 1002 1311 veris
1026 1253 1258 1311 subeuntis
1276 1299 1290 1321 ,
1315 1252 1365 1310 ἃ
1389 1254 1470 1311 ille

469 1343 649 1403 IEstatis
669 1367 770 1424 pars
794 1345 857 1402 est
881 1345 1070 1424 primae:
1099 1344 1196 1401 sors
1216 1344 1374 1401 ultima
1395 1344 1528 1424 parti.

472 1434 577 1493 Nec
600 1461 695 1495 non
723 1437 987 1495 Arcitenens
1007 1483 1023 1506 ,
1044 1437 1122 1516 qui
1145 1455 1190 1494 te
1206 1481 1221 1503 ,
1248 1436 1540 1517 Capricorne
1557 1482 1572 1505 ‚
1594 1434 1672 1496 sub
1697 1435 1800 1517 ipso

421 1572 436 1589 ι
468 1526 733 1595 Promittit,
756 1526 929 1606 duplici
955 1527 1178 1585 formatus
1204 1527 1403 1607 imagine
1428 1529 1587 1586 fertur.

473 1621 648 1682 Mitior
674 1640 913 1679 autumnus
936 1620 1103 1678 molles
1127 1619 1209 1677 fibi
1236 1619 1441 1678 vindicat
1463 1640 1614 1689 artus,

467 1713 810 1792 Materiamque
831 1711 1033 1770 hominis
1055 1712 1169 1769 fert:
1198 1731 1336 1793 tergo
1366 1713 1570 1770 membra
1594 1711 1826 1791 rigentem

465 1804 716 1884 Excipiunt
738 1804 966 1871 hiemem3
988 1804 1268 1883 mittuntque
1293 1804 1341 1861 in
1363 1827 1575 1883 tempora
1600 1803 1792 1883 signum.

465 1897 703 1976 Quosque
725 1896 853 1955 Aries
876 1919 970 1977 prae
991 1895 1037 1953 se
1061 1895 1198 1953 mittit
1226 1896 1322 1953 duo
1344 1941 1358 1961 ‚
1380 1913 1592 1974 tempora
1619 1895 1765 1952 Pisces

465 1989 576 2048 Bina
602 1989 756 2046 ferunt
777 2016 787 2043 :
809 1988 1010 2045 hiemem
1035 1986 1205 2045 claudit
1223 2034 1237 2055 ,
1259 2010 1343 2045 ver
1366 1984 1556 2045 inchoat
1580 1986 1719 2044 alter:

467 2085 591 2139 Cum
617 2083 699 2139 Sol
721 2079 954 2159 aequoreis
980 2080 1195 2137 revolans
1217 2079 1421 2137 decurrit
1443 2079 1489 2136 in
1515 2078 1636 2135 astris
1655 2122 1671 2147 ‚

466 2173 686 2231 Hibernis
711 2192 884 2231 coeunt
905 2195 1007 2228 cum
1031 2171 1164 2228 verni
1188 2172 1372 2229 roboris
1394 2172 1588 2229 imbres:

463 2270 597 2328 Ultra
623 2270 751 2348 quod
775 2266 944 2326 sursum
968 2267 1061 2324 oris
1083 2267 1222 2324 habet
1239 2265 1463 2327 fluitantia
1488 2261 1631 2344 figna.

548 2360 677 2436 Quin
699 2358 783 2416 tria
803 2357 929 2438 signa
954 2380 1126 2415 novem
1151 2357 1263 2414 serie
1290 2356 1535 2434 conjunEta
1559 2371 1851 2435 repugnanm

466 2450 524 2509 Et
550 2450 671 2530 quasi
696 2450 860 2507 seditio
886 2449 1056 2506 coelum
1079 2470 1223 2506 tenet.
1253 2447 1422 2528 Aspice
1443 2448 1645 2504 Taurum

396 2556 402 2569 ¹
467 2541 695 2599 Clunibus
713 2586 728 2608 ‚
752 2540 802 2599 ὅζ
829 2540 1055 2597 Geminos
1085 2538 1279 2619 pedihus
1299 2583 1314 2606 ‚
1338 2538 1563 2597 testudine
1583 2542 1816 2598 Cancrum

465 2639 698 2715 Surgere3
719 2657 822 2692 cum
847 2633 981 2692 reffis
1005 2633 1210 2691 oriantur
1235 2654 1384 2690 cetera
1406 2630 1638 2689 membris.

465 2732 569 2786 Nec
592 2730 757 2786 mirere
778 2751 930 2784 moras
948 2771 960 2792 ,
984 2750 1084 2783 cum
1114 2726 1196 2782 Sol
1219 2723 1407 2781 adversa
1430 2747 1513 2802 per
1534 2724 1644 2782 astra

466 2821 687 2879 AEstivum
711 2820 848 2879 tardis
868 2819 1051 2876 attollat
1072 2815 1300 2874 mensibus
1324 2838 1507 2872 annum.

548 2913 647 2967 Nec
666 2932 710 2968 te
734 2908 989 2990 poeniteat,
1010 2906 1232 2963 nothum
1258 2904 1513 2983 diurnaque
1536 2901 1664 2984 signa

465 3006 590 3078 Quae
613 3001 722 3065 sint,
747 3001 856 3080 pers
854 2999 1039 3080 picere3
1062 2998 1111 3057 ἃ
1132 2998 1320 3078 propria
1344 2998 1574 3056 deducere
1596 2998 1735 3078 lege,

465 3098 578 3154 Non
598 3094 797 3152 tenebris
821 3113 895 3151 aut
919 3092 1024 3151 luce
1048 3091 1170 3150 suam
1190 3088 1456 3171 peragentia
1479 3089 1675 3150 sortems

1978 361 2082 420 ¹75

1974 801 2085 856 180

1974 1258 2078 1326 185

1972 2190 2074 2242 ¹95
2155 2208 2160 2211 ·

1961 2652 2074 2690 Ξῦθ
