2165 3792
408 203 521 264 788
654 201 1108 263 NOTITIA
1167 202 1747 265 LITERARIA

409 259 434 282 .)

604 335 897 386 adscriberet
911 374 925 398 ‚
947 334 999 384 in
1016 351 1110 400 quo
1134 335 1293 386 nescio
1313 352 1375 385 an
1399 338 1696 401 arrogantius
1710 376 1724 399 ‚
1745 342 1889 402 quam
1915 349 2013 389 moi

600 404 728 454 deste
761 404 889 468 egit,
929 405 1063 467 quod
1101 405 1299 468 quidem
1338 403 1619 455 hominibus
1676 405 2010 466 Grammaticis

599 471 667 521 est
691 470 904 533 solenne.
924 471 1022 522 Sub
1049 471 1197 522 finem
1229 482 1395 522 tamen
1423 472 1557 536 praef.
1594 473 1800 534 fatetur,
1824 476 1885 524 ad
1917 475 2010 524 dif-

600 538 818 589 ficillima
841 538 938 590 L.1
962 538 1069 589 loca
1101 540 1187 589 fibi
1212 558 1239 590 a
1266 540 1369 590 viro
1405 540 1718 590 eruditissimo
1736 542 1810 602 Jo.
1830 543 2009 603 Jerem.

602 605 1026 669 Brackenhofem,
1053 607 1415 658 Mathematum
1446 606 1570 658 Prof.
1600 610 1979 672 Argentoratenfi
1996 647 2012 670 ‚

607 675 947 724 adnotationes
982 674 1076 723 effe
1107 673 1495 726 subministratas.
1558 678 1718 740 Quam
1766 676 2015 738 subjunxit

603 742 879 807 praefationi
899 740 1148 805 epistolam
1173 741 1288 803 Julii
1309 743 1593 794 Pontederae
1610 783 1624 804 ‚
1642 743 1768 794 Prof.
1799 745 2015 794 Patavini

605 810 670 859 ad
689 812 834 860 Andr.
864 809 1125 861 Maranum
1142 846 1156 870 ‚
1181 806 1512 874 (Philologum
1538 815 1584 862 δι
1607 810 2017 863 Mathematicum

607 878 962 939 Vicentinum‚)
985 893 1092 927 eam
1109 876 1334 933 desumfit
1352 894 1411 927 ex
1427 879 1502 928 ed.
1519 880 1760 930 Patavina.

744 1011 773 1039 *
792 1012 866 1064 De
893 1025 990 1077 quo
1013 1014 1228 1062 Stoeberus
1254 1012 1306 1063 in
1331 1013 1462 1077 praef.
1493 1028 1539 1077 p.
1565 1013 1595 1063 8
1627 1013 1693 1077 sq.
1717 1013 1822 1065 haec
1843 1013 1980 1064 affert
2002 1031 2015 1064 τ.

678 1083 883 1149 Justinus
906 1084 1273 1132 VIERSGHROT
1286 1121 1299 1142 7
1315 1082 1384 1129 vir
1405 1080 1752 1145 elegantiorum
1775 1081 2021 1131 literarum

678 1147 1007 1221 pleniffimus‚
1039 1147 1319 1201 Matheseos
1351 1152 1487 1212 Juxta
1526 1149 1805 1213 Legumque
1833 1149 2023 1198 consul-

679 1217 909 1278 tissimus,
931 1218 1029 1268 Ser.
1045 1217 1195 1267 Ducis
1221 1219 1344 1268 Saxo
1368 1215 1577 1268 Gothani
1595 1217 1882 1268 Secretarius
1899 1215 2021 1266 heu!

682 1285 932 1348 quondam
973 1287 1019 1334 δε
1052 1283 1379 1347 Archivarius‚
1413 1301 1541 1334 anno
1570 1284 1811 1356 superiore
1840 1284 2024 1351 (1765)

678 1362 970 1418 praematuro
991 1352 1248 1403 defunctus
1269 1353 1388 1414 fate,
1406 1352 1598 1418 reliquit
1611 1355 1890 1420 Adparatum
1907 1353 2026 1400 locu-

675 1420 948 1489 plettffimum
965 1439 1090 1470 novae
1107 1458 1122 1482 ‚
1142 1437 1288 1486 quam
1312 1420 1511 1471 molitus
1535 1421 1600 1470 est
1616 1459 1630 1481 ,
1649 1421 1846 1471 Manilii
1864 1418 1908 1466 ὅ)
1925 1434 2028 1467 cete-

678 1506 819 1537 torum
842 1489 979 1557 liujus
1001 1489 1192 1555 fhmiliae
1225 1505 1449 1558 poetarum
1480 1490 1720 1539 editionis:
1761 1498 2027 1553 praeterque

682 1555 817 1605 hunc
849 1559 1214 1625 Observationum
1242 1559 1502 1608 Criticarum
1520 1557 1678 1606 Libros
1693 1571 1779 1604 tres
1803 1571 1900 1604 uno
1921 1572 2028 1604 mo-

683 1625 892 1688 dicoque
910 1624 1159 1675 volumine
1178 1624 1551 1690 comprehensos
1563 1662 1580 1683 ,
1598 1639 1717 1688 quos
1735 1622 1920 1690 placuit
1940 1622 2030 1686 ipsi

681 1692 942 1743 inscribere
964 1695 1126 1743 Noaes
1160 1694 1394 1745 Gothanae.
1430 1693 1520 1744 His
1549 1693 1747 1756 quidem
1774 1690 1908 1755 prelo
1927 1692 2029 1752 jam

680 1760 891 1826 aptatiS,
911 1762 1041 1811 varia
1058 1762 1230 1812 veteris
1262 1762 1455 1813 Graeciae
1483 1760 1700 1823 Latiique
1729 1759 2029 1822 Scriptorum

680 1827 821 1889 loca,
842 1830 1035 1879 Manilii
1062 1846 1164 1880 non
1187 1845 1343 1893 pauca
1360 1868 1374 1891 ‚
1396 1829 1490 1878 fiv'e
1523 1828 1792 1878 difficiliora
1820 1825 1903 1874 illa
1935 1825 2029 1874 five

678 1896 744 1944 ab
776 1895 880 1944 aliis
908 1897 1085 1945 finistre
1116 1906 1318 1956 accepta
1336 1934 1351 1955 ‚
1384 1895 1463 1945 vel
1495 1912 1523 1944 a
1552 1896 1782 1944 Diaasore
1806 1894 2030 1942 Britanno

678 1961 947 2026 proscripta
976 1962 1325 2021 emendantur,
1350 1960 1657 2009 vindicantur
1674 1998 1691 2018 ,
1717 1959 2026 2009 illustrantur.

682 2031 950 2095 Adparatus
991 2038 1156 2076 autem
1187 2025 1453 2076 adversaria
1486 2027 1707 2074 continet
1735 2041 1762 2073 e
1789 2025 2028 2087 politioris

686 2095 971 2146 eruditionis
1002 2094 1218 2144 fontibus
1242 2093 1408 2144 hausta
1437 2095 1484 2143 ἃ
1512 2092 1597 2142 suo
1628 2107 1831 2156 quaeque
1854 2092 1904 2141 in
1926 2092 2033 2141 vul-

683 2174 795 2228 gata
826 2163 1369 2230 Scaligero-Boecleriana
1413 2159 1526 2210 loco
1570 2161 1781 2224 digesta3
1828 2158 2032 2211 collecta

681 2231 837 2296 magis
882 2246 940 2280 ac
985 2229 1187 2290 selecta,
1229 2229 1443 2278 necdum
1493 2229 1679 2291 judicio
1720 2227 1887 2278 critico
1909 2266 1923 2288 ,
1952 2226 2031 2277 vel

686 2316 786 2364 quo
833 2298 905 2350 uti
950 2297 1126 2357 satius,
1163 2297 1325 2361 logico
1367 2295 1594 2358 subasta3
1640 2294 2030 2345 commodiffima

683 2377 853 2418 tamen
874 2375 1071 2430 propter
1101 2365 1396 2415 uberrimam
1430 2363 1653 2414 locorum
1687 2362 2029 2427 parallelorum

684 2436 910 2500 copiam,
943 2433 1116 2498 quibus
1147 2432 1225 2484 vel
1249 2432 1519 2482 locutiones
1543 2431 1818 2483 Maniliana:
1850 2431 2031 2482 Latini-

682 2504 774 2553 tati
807 2503 971 2566 probae
1013 2501 1307 2561 afferuntur,
1343 2499 1421 2550 vel
1454 2500 1658 2550 auctoris
1693 2510 1776 2549 aut
1809 2509 2030 2550 veterum

682 2588 741 2622 ac
773 2572 1095 2621 recentiorum
1126 2571 1438 2632 interpretum
1476 2579 1559 2618 aut
1593 2568 1678 2617 sua
1714 2567 1923 2630 denique
1954 2567 2029 2631 ip-

685 2640 780 2690 fius
815 2638 1049 2688 sententia
1075 2637 1313 2701 propofita
1350 2636 1558 2700 expendi
1585 2651 1643 2685 ac
1668 2635 1891 2699 probari,
1917 2634 2026 2696 vel,

684 2707 720 2758 fi
752 2723 846 2771 qua
882 2707 1039 2755 minus
1071 2706 1353 2769 adaequata,
1388 2703 1542 2754 refelli
1572 2703 1730 2767 possit.
1778 2703 2029 2752 Variantes

688 2791 883 2839 quoque
914 2775 967 2824 in
1006 2775 1162 2824 Codice
1192 2775 1303 2823 MS.
1334 2774 1544 2837 Lipfienfi
1568 2770 1799 2821 lectiones
1829 2769 2026 2831 sedulo,

693 2845 740 2894 δε
782 2844 817 2892 fi
867 2840 1117 2906 quisquam
1164 2840 1316 2902 alius,
1363 2850 1583 2889 accurate
1625 2838 1697 2889 Cl,
1732 2837 2029 2905 Viersclzrotus

691 2911 958 2960 adnotavit.
1022 2910 1131 2972 Qua
1165 2909 1361 2972 quidem
1400 2924 1546 2971 opera
1575 2907 1805 2971 insignem
1841 2907 1891 2954 in
1925 2921 2029 2953 mo-

693 2979 813 3027 dum
847 2994 925 3026 me
959 2976 1224 3026 sublevavit
1268 2977 1318 3024 in
1345 2974 1506 3039 lapide
1537 2973 1631 3023 hoc
1667 2973 1910 3023 movendo
1942 2971 2027 3019 sua

694 3046 909 3096 dantem.
944 3079 979 3107 ‚3
1012 3045 1195 3095 Laudat
1226 3044 1337 3093 dein
1365 3041 1555 3106 Regalis
1584 3043 1729 3092 Ducis
1769 3039 2025 3092 Parmenfis

687 3112 927 3164 summam
973 3113 1237 3165 bonitatem
1258 3150 1273 3177 ‚
1312 3111 1396 3178 qui
1430 3110 1659 3164 suadente
1693 3110 1793 3161 viro
1832 3123 1939 3159 ven„
1982 3108 2028 3157 δε
